Week Ending Date,Report Date,Date,Weighted Prices,Sales
03/30/2019,04/03/2019,03/02/2019,.4231,"6,885,742"
03/30/2019,04/03/2019,03/09/2019,.4094,"7,513,908"
03/30/2019,04/03/2019,03/16/2019,.4159,"7,210,599"
03/30/2019,04/03/2019,03/23/2019,.4118,"6,537,295"
03/30/2019,04/03/2019,03/30/2019,.4020,"5,871,738"
03/23/2019,03/27/2019,03/23/2019,.4118,"6,455,236"
03/23/2019,03/27/2019,03/16/2019,.4161,"7,252,599"
03/23/2019,03/27/2019,03/09/2019,.4094,"7,513,908"
03/23/2019,03/27/2019,03/02/2019,.4231,"6,885,742"
03/23/2019,03/27/2019,02/23/2019,.4249,"6,705,819"
03/16/2019,03/20/2019,02/16/2019,.4563,"7,617,841"
03/16/2019,03/20/2019,02/23/2019,.4249,"6,705,819"
03/16/2019,03/20/2019,03/02/2019,.4231,"6,885,742"
03/16/2019,03/20/2019,03/09/2019,.4089,"7,471,745"
03/16/2019,03/20/2019,03/16/2019,.4150,"6,719,889"
03/09/2019,03/13/2019,03/09/2019,.4088,"7,429,300"
03/09/2019,03/13/2019,03/02/2019,.4214,"6,553,034"
03/09/2019,03/13/2019,02/23/2019,.4246,"6,853,055"
03/09/2019,03/13/2019,02/16/2019,.4556,"7,622,391"
03/09/2019,03/13/2019,02/09/2019,.4686,"8,110,594"
03/02/2019,03/06/2019,02/02/2019,.4669,"6,635,704"
03/02/2019,03/06/2019,02/09/2019,.4686,"8,110,594"
03/02/2019,03/06/2019,02/16/2019,.4558,"7,578,299"
03/02/2019,03/06/2019,02/23/2019,.4246,"6,853,055"
03/02/2019,03/06/2019,03/02/2019,.4216,"6,553,034"
02/23/2019,02/27/2019,02/23/2019,.4246,"6,853,110"
02/23/2019,02/27/2019,02/16/2019,.4555,"7,508,299"
02/23/2019,02/27/2019,02/09/2019,.4686,"8,152,757"
02/23/2019,02/27/2019,02/02/2019,.4669,"6,635,814"
02/23/2019,02/27/2019,01/26/2019,.4790,"6,009,736"
02/16/2019,02/21/2019,01/19/2019,.4829,"5,372,045"
02/16/2019,02/21/2019,01/26/2019,.4790,"6,009,736"
02/16/2019,02/21/2019,02/02/2019,.4669,"6,635,814"
02/16/2019,02/21/2019,02/09/2019,.4686,"8,152,757"
02/16/2019,02/21/2019,02/16/2019,.4537,"7,157,123"
02/09/2019,02/13/2019,02/09/2019,.4682,"8,069,313"
02/09/2019,02/13/2019,02/02/2019,.4669,"6,635,814"
02/09/2019,02/13/2019,01/26/2019,.4790,"6,009,736"
02/09/2019,02/13/2019,01/19/2019,.4830,"5,330,645"
02/09/2019,02/13/2019,01/12/2019,.4764,"4,681,781"
02/02/2019,02/06/2019,01/05/2019,.4829,"3,809,076"
02/02/2019,02/06/2019,01/12/2019,.4764,"4,681,781"
02/02/2019,02/06/2019,01/19/2019,.4833,"5,330,526"
02/02/2019,02/06/2019,01/26/2019,.4783,"6,050,226"
02/02/2019,02/06/2019,02/02/2019,.4694,"6,992,684"
01/26/2019,01/30/2019,01/26/2019,.4798,"5,652,851"
01/26/2019,01/30/2019,01/19/2019,.4835,"5,205,576"
01/26/2019,01/30/2019,01/12/2019,.4762,"4,640,381"
01/26/2019,01/30/2019,01/05/2019,.4829,"3,809,076"
01/26/2019,01/30/2019,12/29/2018,.4698,"3,444,005"
01/19/2019,01/24/2019,12/22/2018,.4727,"5,735,652"
01/19/2019,01/24/2019,12/29/2018,.4698,"3,444,005"
01/19/2019,01/24/2019,01/05/2019,.4827,"3,766,576"
01/19/2019,01/24/2019,01/12/2019,.4762,"4,640,381"
01/19/2019,01/24/2019,01/19/2019,.4833,"4,913,990"
01/12/2019,01/16/2019,01/12/2019,.4769,"4,529,938"
01/12/2019,01/16/2019,01/05/2019,.4823,"3,634,355"
01/12/2019,01/16/2019,12/29/2018,.4702,"3,333,885"
01/12/2019,01/16/2019,12/22/2018,.4727,"5,735,652"
01/12/2019,01/16/2019,12/15/2018,.4672,"5,955,268"
01/05/2019,01/09/2019,12/08/2018,.4647,"6,575,806"
01/05/2019,01/09/2019,12/15/2018,.4672,"5,955,268"
01/05/2019,01/09/2019,12/22/2018,.4727,"5,735,652"
01/05/2019,01/09/2019,12/29/2018,.4702,"3,333,885"
01/05/2019,01/09/2019,01/05/2019,.4843,"3,501,555"
12/29/2018,01/03/2019,12/29/2018,.4718,"2,525,736"
12/29/2018,01/03/2019,12/22/2018,.4727,"5,735,652"
12/29/2018,01/03/2019,12/15/2018,.4672,"5,955,268"
12/29/2018,01/03/2019,12/08/2018,.4647,"6,575,806"
12/29/2018,01/03/2019,12/01/2018,.4595,"6,608,074"
12/22/2018,12/27/2018,11/24/2018,.4568,"4,827,145"
12/22/2018,12/27/2018,12/01/2018,.4595,"6,608,074"
12/22/2018,12/27/2018,12/08/2018,.4647,"6,575,806"
12/22/2018,12/27/2018,12/15/2018,.4671,"5,912,518"
12/22/2018,12/27/2018,12/22/2018,.4728,"4,812,627"
12/15/2018,12/19/2018,12/15/2018,.4674,"5,830,518"
12/15/2018,12/19/2018,12/08/2018,.4646,"6,491,969"
12/15/2018,12/19/2018,12/01/2018,.4595,"6,608,074"
12/15/2018,12/19/2018,11/24/2018,.4568,"4,827,145"
12/15/2018,12/19/2018,11/17/2018,.4650,"7,232,787"
12/08/2018,12/12/2018,11/10/2018,.4624,"5,839,187"
12/08/2018,12/12/2018,11/17/2018,.4650,"7,232,787"
12/08/2018,12/12/2018,11/24/2018,.4568,"4,827,145"
12/08/2018,12/12/2018,12/01/2018,.4595,"6,608,074"
12/08/2018,12/12/2018,12/08/2018,.4641,"6,407,932"
12/01/2018,12/05/2018,12/01/2018,.4597,"6,462,011"
12/01/2018,12/05/2018,11/24/2018,.4568,"4,827,145"
12/01/2018,12/05/2018,11/17/2018,.4651,"7,275,287"
12/01/2018,12/05/2018,11/10/2018,.4624,"5,839,187"
12/01/2018,12/05/2018,11/03/2018,.4681,"5,510,722"
11/24/2018,11/28/2018,10/27/2018,.4546,"5,579,993"
11/24/2018,11/28/2018,11/03/2018,.4681,"5,510,722"
11/24/2018,11/28/2018,11/10/2018,.4624,"5,839,187"
11/24/2018,11/28/2018,11/17/2018,.4651,"7,275,287"
11/24/2018,11/28/2018,11/24/2018,.4587,"4,528,377"
11/17/2018,11/21/2018,11/17/2018,.4671,"6,821,393"
11/17/2018,11/21/2018,11/10/2018,.4622,"5,795,095"
11/17/2018,11/21/2018,11/03/2018,.4681,"5,510,722"
11/17/2018,11/21/2018,10/27/2018,.4546,"5,579,993"
11/17/2018,11/21/2018,10/20/2018,.4533,"5,642,763"
11/10/2018,11/15/2018,10/13/2018,.4408,"5,802,954"
11/10/2018,11/15/2018,10/20/2018,.4533,"5,642,763"
11/10/2018,11/15/2018,10/27/2018,.4546,"5,579,993"
11/10/2018,11/15/2018,11/03/2018,.4681,"5,510,722"
11/10/2018,11/15/2018,11/10/2018,.4625,"5,755,995"
11/03/2018,11/07/2018,11/03/2018,.4691,"5,429,386"
11/03/2018,11/07/2018,10/27/2018,.4548,"5,582,084"
11/03/2018,11/07/2018,10/20/2018,.4533,"5,642,763"
11/03/2018,11/07/2018,10/13/2018,.4408,"5,802,954"
11/03/2018,11/07/2018,10/06/2018,.4420,"5,251,523"
10/27/2018,10/31/2018,09/29/2018,.4120,"7,498,595"
10/27/2018,10/31/2018,10/06/2018,.4420,"5,251,523"
10/27/2018,10/31/2018,10/13/2018,.4360,"5,692,834"
10/27/2018,10/31/2018,10/20/2018,.4533,"5,561,163"
10/27/2018,10/31/2018,10/27/2018,.4577,"5,087,324"
10/20/2018,10/24/2018,10/20/2018,.4588,"5,039,598"
10/20/2018,10/24/2018,10/13/2018,.4373,"5,605,084"
10/20/2018,10/24/2018,10/06/2018,.4420,"5,251,523"
10/20/2018,10/24/2018,09/29/2018,.4120,"7,498,595"
10/20/2018,10/24/2018,09/22/2018,.4080,"7,488,454"
10/13/2018,10/17/2018,09/15/2018,.4038,"6,216,255"
10/13/2018,10/17/2018,09/22/2018,.4081,"7,444,362"
10/13/2018,10/17/2018,09/29/2018,.4089,"7,837,552"
10/13/2018,10/17/2018,10/06/2018,.4391,"5,166,892"
10/13/2018,10/17/2018,10/13/2018,.4367,"5,244,956"
10/06/2018,10/11/2018,10/06/2018,.4410,"5,002,419"
10/06/2018,10/11/2018,09/29/2018,.4088,"7,879,715"
10/06/2018,10/11/2018,09/22/2018,.4081,"7,444,362"
10/06/2018,10/11/2018,09/15/2018,.4038,"6,216,255"
10/06/2018,10/11/2018,09/08/2018,.3928,"4,956,746"
09/29/2018,10/03/2018,09/01/2018,.3796,"4,983,968"
09/29/2018,10/03/2018,09/08/2018,.3928,"4,956,746"
09/29/2018,10/03/2018,09/15/2018,.4038,"6,216,366"
09/29/2018,10/03/2018,09/22/2018,.4112,"7,205,393"
09/29/2018,10/03/2018,09/29/2018,.4167,"7,073,243"
09/22/2018,09/26/2018,09/22/2018,.4154,"6,784,148"
09/22/2018,09/26/2018,09/15/2018,.4072,"6,043,666"
09/22/2018,09/26/2018,09/08/2018,.3939,"4,914,746"
09/22/2018,09/26/2018,09/01/2018,.3796,"4,983,968"
09/22/2018,09/26/2018,08/25/2018,.3763,"5,972,047"
09/15/2018,09/19/2018,08/18/2018,.3798,"5,447,067"
09/15/2018,09/19/2018,08/25/2018,.3763,"5,972,047"
09/15/2018,09/19/2018,09/01/2018,.3796,"4,983,968"
09/15/2018,09/19/2018,09/08/2018,.3951,"4,852,746"
09/15/2018,09/19/2018,09/15/2018,.4185,"5,500,547"
09/08/2018,09/12/2018,09/08/2018,.3972,"4,503,682"
09/08/2018,09/12/2018,09/01/2018,.3792,"4,942,081"
09/08/2018,09/12/2018,08/25/2018,.3763,"5,972,047"
09/08/2018,09/12/2018,08/18/2018,.3798,"5,447,067"
09/08/2018,09/12/2018,08/11/2018,.3606,"6,475,587"
09/01/2018,09/06/2018,08/04/2018,.3550,"5,257,104"
09/01/2018,09/06/2018,08/11/2018,.3606,"6,475,587"
09/01/2018,09/06/2018,08/18/2018,.3796,"5,262,731"
09/01/2018,09/06/2018,08/25/2018,.3763,"5,972,047"
09/01/2018,09/06/2018,09/01/2018,.3867,"4,454,690"
08/25/2018,08/29/2018,08/25/2018,.3769,"5,687,424"
08/25/2018,08/29/2018,08/18/2018,.3813,"5,094,842"
08/25/2018,08/29/2018,08/11/2018,.3604,"6,433,698"
08/25/2018,08/29/2018,08/04/2018,.3550,"5,257,104"
08/25/2018,08/29/2018,07/28/2018,.3394,"5,420,484"
08/18/2018,08/22/2018,07/21/2018,.3377,"7,402,634"
08/18/2018,08/22/2018,07/28/2018,.3394,"5,420,484"
08/18/2018,08/22/2018,08/04/2018,.3544,"5,201,989"
08/18/2018,08/22/2018,08/11/2018,.3609,"6,391,198"
08/18/2018,08/22/2018,08/18/2018,.3838,"4,966,515"
08/11/2018,08/15/2018,08/11/2018,.3622,"6,220,787"
08/11/2018,08/15/2018,08/04/2018,.3542,"5,201,989"
08/11/2018,08/15/2018,07/28/2018,.3389,"5,507,484"
08/11/2018,08/15/2018,07/21/2018,.3377,"7,402,634"
08/11/2018,08/15/2018,07/14/2018,.3357,"5,612,767"
08/04/2018,08/08/2018,07/07/2018,.3366,"4,126,143"
08/04/2018,08/08/2018,07/14/2018,.3357,"5,612,712"
08/04/2018,08/08/2018,07/21/2018,.3377,"7,402,634"
08/04/2018,08/08/2018,07/28/2018,.3389,"5,507,484"
08/04/2018,08/08/2018,08/04/2018,.3543,"5,139,489"
07/28/2018,08/01/2018,07/28/2018,.3389,"5,507,484"
07/28/2018,08/01/2018,07/21/2018,.3374,"7,319,576"
07/28/2018,08/01/2018,07/14/2018,.3357,"5,612,712"
07/28/2018,08/01/2018,07/07/2018,.3365,"4,126,143"
07/28/2018,08/01/2018,06/30/2018,.3232,"5,478,015"
07/21/2018,07/25/2018,06/23/2018,.3234,"6,037,173"
07/21/2018,07/25/2018,06/30/2018,.3232,"5,478,015"
07/21/2018,07/25/2018,07/07/2018,.3365,"4,083,980"
07/21/2018,07/25/2018,07/14/2018,.3357,"5,612,712"
07/21/2018,07/25/2018,07/21/2018,.3374,"7,278,240"
07/14/2018,07/18/2018,07/14/2018,.3358,"5,568,576"
07/14/2018,07/18/2018,07/07/2018,.3365,"4,083,980"
07/14/2018,07/18/2018,06/30/2018,.3232,"5,478,015"
07/14/2018,07/18/2018,06/23/2018,.3234,"6,037,173"
07/14/2018,07/18/2018,06/16/2018,.3095,"6,887,396"
07/07/2018,07/11/2018,06/09/2018,.2984,"6,195,828"
07/07/2018,07/11/2018,06/16/2018,.3095,"6,887,396"
07/07/2018,07/11/2018,06/23/2018,.3234,"6,037,173"
07/07/2018,07/11/2018,06/30/2018,.3232,"5,478,015"
07/07/2018,07/11/2018,07/07/2018,.3364,"4,083,980"
06/30/2018,07/05/2018,06/30/2018,.3233,"5,477,016"
06/30/2018,07/05/2018,06/23/2018,.3234,"6,037,174"
06/30/2018,07/05/2018,06/16/2018,.3094,"6,804,345"
06/30/2018,07/05/2018,06/09/2018,.2985,"6,153,665"
06/30/2018,07/05/2018,06/02/2018,.2849,"4,735,198"
06/23/2018,06/27/2018,05/26/2018,.2728,"7,215,940"
06/23/2018,06/27/2018,06/02/2018,.2849,"4,735,198"
06/23/2018,06/27/2018,06/09/2018,.2979,"6,152,724"
06/23/2018,06/27/2018,06/16/2018,.3097,"6,763,009"
06/23/2018,06/27/2018,06/23/2018,.3222,"5,747,366"
06/16/2018,06/20/2018,06/16/2018,.3099,"6,634,234"
06/16/2018,06/20/2018,06/09/2018,.2979,"6,152,724"
06/16/2018,06/20/2018,06/02/2018,.2849,"4,735,198"
06/16/2018,06/20/2018,05/26/2018,.2728,"7,215,940"
06/16/2018,06/20/2018,05/19/2018,.2725,"6,844,203"
06/09/2018,06/13/2018,05/12/2018,.2694,"6,249,426"
06/09/2018,06/13/2018,05/19/2018,.2725,"6,844,203"
06/09/2018,06/13/2018,05/26/2018,.2728,"7,215,940"
06/09/2018,06/13/2018,06/02/2018,.2849,"4,735,198"
06/09/2018,06/13/2018,06/09/2018,.2981,"5,807,775"
06/02/2018,06/06/2018,06/02/2018,.2848,"4,723,198"
06/02/2018,06/06/2018,05/26/2018,.2728,"7,215,940"
06/02/2018,06/06/2018,05/19/2018,.2725,"6,844,203"
06/02/2018,06/06/2018,05/12/2018,.2696,"6,335,844"
06/02/2018,06/06/2018,05/05/2018,.2690,"5,485,570"
05/26/2018,05/31/2018,04/28/2018,.2635,"7,991,462"
05/26/2018,05/31/2018,05/05/2018,.2690,"5,485,570"
05/26/2018,05/31/2018,05/12/2018,.2695,"6,338,545"
05/26/2018,05/31/2018,05/19/2018,.2726,"6,713,483"
05/26/2018,05/31/2018,05/26/2018,.2729,"7,052,365"
05/19/2018,05/23/2018,05/19/2018,.2727,"6,531,301"
05/19/2018,05/23/2018,05/12/2018,.2697,"6,338,545"
05/19/2018,05/23/2018,05/05/2018,.2690,"5,485,570"
05/19/2018,05/23/2018,04/28/2018,.2635,"7,991,462"
05/19/2018,05/23/2018,04/21/2018,.2588,"6,767,238"
05/12/2018,05/16/2018,04/14/2018,.2592,"10,245,468"
05/12/2018,05/16/2018,04/21/2018,.2588,"6,767,238"
05/12/2018,05/16/2018,04/28/2018,.2631,"7,865,463"
05/12/2018,05/16/2018,05/05/2018,.2689,"5,526,906"
05/12/2018,05/16/2018,05/12/2018,.2693,"6,209,964"
05/05/2018,05/09/2018,05/05/2018,.2692,"5,482,723"
05/05/2018,05/09/2018,04/28/2018,.2631,"7,865,463"
05/05/2018,05/09/2018,04/21/2018,.2586,"6,725,075"
05/05/2018,05/09/2018,04/14/2018,.2592,"10,245,468"
05/05/2018,05/09/2018,04/07/2018,.2566,"7,890,709"
04/28/2018,05/02/2018,03/31/2018,.2585,"7,491,161"
04/28/2018,05/02/2018,04/07/2018,.2566,"7,890,710"
04/28/2018,05/02/2018,04/14/2018,.2592,"10,245,468"
04/28/2018,05/02/2018,04/21/2018,.2586,"6,725,075"
04/28/2018,05/02/2018,04/28/2018,.2627,"7,468,636"
04/21/2018,04/25/2018,04/21/2018,.2587,"6,725,662"
04/21/2018,04/25/2018,04/14/2018,.2592,"10,247,368"
04/21/2018,04/25/2018,04/07/2018,.2549,"7,131,832"
04/21/2018,04/25/2018,03/31/2018,.2579,"7,196,020"
04/21/2018,04/25/2018,03/24/2018,.2626,"6,836,855"
04/14/2018,04/18/2018,03/17/2018,.2404,"9,869,582"
04/14/2018,04/18/2018,03/24/2018,.2620,"6,338,245"
04/14/2018,04/18/2018,03/31/2018,.2572,"6,859,157"
04/14/2018,04/18/2018,04/07/2018,.2547,"7,089,669"
04/14/2018,04/18/2018,04/14/2018,.2594,"10,247,368"
04/07/2018,04/11/2018,04/07/2018,.2548,"7,142,709"
04/07/2018,04/11/2018,03/31/2018,.2572,"6,859,157"
04/07/2018,04/11/2018,03/24/2018,.2616,"5,916,670"
04/07/2018,04/11/2018,03/17/2018,.2404,"9,869,582"
04/07/2018,04/11/2018,03/10/2018,.2542,"7,904,087"
03/31/2018,04/04/2018,03/03/2018,.2594,"5,992,335"
03/31/2018,04/04/2018,03/10/2018,.2542,"7,904,087"
03/31/2018,04/04/2018,03/17/2018,.2405,"9,869,582"
03/31/2018,04/04/2018,03/24/2018,.2616,"5,916,670"
03/31/2018,04/04/2018,03/31/2018,.2573,"6,729,115"
03/24/2018,03/28/2018,03/24/2018,.2614,"5,789,128"
03/24/2018,03/28/2018,03/17/2018,.2399,"9,616,604"
03/24/2018,03/28/2018,03/10/2018,.2542,"7,861,924"
03/24/2018,03/28/2018,03/03/2018,.2594,"5,992,335"
03/24/2018,03/28/2018,02/24/2018,.2557,"7,728,926"
03/17/2018,03/21/2018,02/17/2018,.2498,"10,496,796"
03/17/2018,03/21/2018,02/24/2018,.2557,"7,728,926"
03/17/2018,03/21/2018,03/03/2018,.2590,"5,739,412"
03/17/2018,03/21/2018,03/10/2018,.2542,"7,778,361"
03/17/2018,03/21/2018,03/17/2018,.2406,"9,659,924"
03/10/2018,03/14/2018,03/10/2018,.2537,"7,582,085"
03/10/2018,03/14/2018,03/03/2018,.2589,"5,655,252"
03/10/2018,03/14/2018,02/24/2018,.2552,"7,434,061"
03/10/2018,03/14/2018,02/17/2018,.2498,"10,496,796"
03/10/2018,03/14/2018,02/10/2018,.2523,"10,357,648"
03/03/2018,03/07/2018,02/03/2018,.2524,"8,946,673"
03/03/2018,03/07/2018,02/10/2018,.2527,"10,400,148"
03/03/2018,03/07/2018,02/17/2018,.2502,"10,539,246"
03/03/2018,03/07/2018,02/24/2018,.2551,"7,476,561"
03/03/2018,03/07/2018,03/03/2018,.2589,"5,655,252"
02/24/2018,02/28/2018,02/24/2018,.2549,"7,264,127"
02/24/2018,02/28/2018,02/17/2018,.2504,"10,539,246"
02/24/2018,02/28/2018,02/10/2018,.2529,"10,400,148"
02/24/2018,02/28/2018,02/03/2018,.2524,"8,946,673"
02/24/2018,02/28/2018,01/27/2018,.2709,"7,067,373"
02/17/2018,02/22/2018,01/20/2018,.2696,"6,454,231"
02/17/2018,02/22/2018,01/27/2018,.2709,"7,067,373"
02/17/2018,02/22/2018,02/03/2018,.2524,"8,946,673"
02/17/2018,02/22/2018,02/10/2018,.2528,"10,185,600"
02/17/2018,02/22/2018,02/17/2018,.2504,"10,495,154"
02/10/2018,02/14/2018,02/10/2018,.2528,"10,185,600"
02/10/2018,02/14/2018,02/03/2018,.2524,"8,946,673"
02/10/2018,02/14/2018,01/27/2018,.2709,"7,067,373"
02/10/2018,02/14/2018,01/20/2018,.2696,"6,454,231"
02/10/2018,02/14/2018,01/13/2018,.2809,"7,213,741"
02/03/2018,02/07/2018,01/06/2018,.2796,"5,798,176"
02/03/2018,02/07/2018,01/13/2018,.2809,"7,213,741"
02/03/2018,02/07/2018,01/20/2018,.2696,"6,454,231"
02/03/2018,02/07/2018,01/27/2018,.2717,"6,983,373"
02/03/2018,02/07/2018,02/03/2018,.2524,"8,882,773"
01/27/2018,01/31/2018,01/27/2018,.2717,"6,942,092"
01/27/2018,01/31/2018,01/20/2018,.2696,"6,454,231"
01/27/2018,01/31/2018,01/13/2018,.2813,"7,213,741"
01/27/2018,01/31/2018,01/06/2018,.2796,"5,798,176"
01/27/2018,01/31/2018,12/30/2017,.2812,"5,538,966"
01/20/2018,01/24/2018,12/23/2017,.3008,"6,245,377"
01/20/2018,01/24/2018,12/30/2017,.2812,"5,538,966"
01/20/2018,01/24/2018,01/06/2018,.2790,"5,756,013"
01/20/2018,01/24/2018,01/13/2018,.2797,"7,210,985"
01/20/2018,01/24/2018,01/20/2018,.2691,"6,370,731"
01/13/2018,01/18/2018,01/13/2018,.2797,"7,155,981"
01/13/2018,01/18/2018,01/06/2018,.2786,"5,753,513"
01/13/2018,01/18/2018,12/30/2017,.2813,"5,538,966"
01/13/2018,01/18/2018,12/23/2017,.3008,"6,245,377"
01/13/2018,01/18/2018,12/16/2017,.3140,"6,448,126"
01/06/2018,01/10/2018,12/09/2017,.2913,"11,711,511"
01/06/2018,01/10/2018,12/16/2017,.3145,"6,448,126"
01/06/2018,01/10/2018,12/23/2017,.3009,"6,245,377"
01/06/2018,01/10/2018,12/30/2017,.2813,"5,538,966"
01/06/2018,01/10/2018,01/06/2018,.2773,"5,496,779"
12/30/2017,01/04/2018,12/30/2017,.2851,"5,952,163"
12/30/2017,01/04/2018,12/23/2017,.3009,"6,245,377"
12/30/2017,01/04/2018,12/16/2017,.3145,"6,448,126"
12/30/2017,01/04/2018,12/09/2017,.2913,"11,711,511"
12/30/2017,01/04/2018,12/02/2017,.3249,"8,379,653"
12/23/2017,12/28/2017,11/25/2017,.3478,"3,841,970"
12/23/2017,12/28/2017,12/02/2017,.3249,"8,379,653"
12/23/2017,12/28/2017,12/09/2017,.2913,"11,711,511"
12/23/2017,12/28/2017,12/16/2017,.3145,"6,448,126"
12/23/2017,12/28/2017,12/23/2017,.3008,"6,118,877"
12/16/2017,12/20/2017,12/16/2017,.3145,"6,448,126"
12/16/2017,12/20/2017,12/09/2017,.2913,"11,711,511"
12/16/2017,12/20/2017,12/02/2017,.3249,"8,379,653"
12/16/2017,12/20/2017,11/25/2017,.3478,"3,841,970"
12/16/2017,12/20/2017,11/18/2017,.3536,"5,724,780"
12/09/2017,12/13/2017,11/11/2017,.3581,"6,189,724"
12/09/2017,12/13/2017,11/18/2017,.3536,"5,724,780"
12/09/2017,12/13/2017,11/25/2017,.3478,"3,841,970"
12/09/2017,12/13/2017,12/02/2017,.3253,"8,253,164"
12/09/2017,12/13/2017,12/09/2017,.2909,"11,585,137"
12/02/2017,12/06/2017,12/02/2017,.3341,"7,166,580"
12/02/2017,12/06/2017,11/25/2017,.3478,"3,841,970"
12/02/2017,12/06/2017,11/18/2017,.3536,"5,724,780"
12/02/2017,12/06/2017,11/11/2017,.3581,"6,189,724"
12/02/2017,12/06/2017,11/04/2017,.3711,"5,621,488"
11/25/2017,11/29/2017,10/28/2017,.3640,"8,667,412"
11/25/2017,11/29/2017,11/04/2017,.3717,"5,705,722"
11/25/2017,11/29/2017,11/11/2017,.3584,"6,233,722"
11/25/2017,11/29/2017,11/18/2017,.3534,"5,722,891"
11/25/2017,11/29/2017,11/25/2017,.3471,"3,591,287"
11/18/2017,11/22/2017,11/18/2017,.3534,"5,722,891"
11/18/2017,11/22/2017,11/11/2017,.3585,"6,233,722"
11/18/2017,11/22/2017,11/04/2017,.3717,"5,705,722"
11/18/2017,11/22/2017,10/28/2017,.3642,"8,667,412"
11/18/2017,11/22/2017,10/21/2017,.3881,"7,076,007"
11/11/2017,11/15/2017,10/14/2017,.3682,"9,617,808"
11/11/2017,11/15/2017,10/21/2017,.3882,"7,076,007"
11/11/2017,11/15/2017,10/28/2017,.3643,"8,667,412"
11/11/2017,11/15/2017,11/04/2017,.3719,"5,663,559"
11/11/2017,11/15/2017,11/11/2017,.3585,"6,233,722"
11/04/2017,11/08/2017,11/04/2017,.3728,"5,663,559"
11/04/2017,11/08/2017,10/28/2017,.3643,"8,667,412"
11/04/2017,11/08/2017,10/21/2017,.3882,"7,076,007"
11/04/2017,11/08/2017,10/14/2017,.3682,"9,617,808"
11/04/2017,11/08/2017,10/07/2017,.4038,"6,658,272"
10/28/2017,11/01/2017,09/30/2017,.4018,"6,364,411"
10/28/2017,11/01/2017,10/07/2017,.4038,"6,658,272"
10/28/2017,11/01/2017,10/14/2017,.3682,"9,617,808"
10/28/2017,11/01/2017,10/21/2017,.3882,"7,075,957"
10/28/2017,11/01/2017,10/28/2017,.3643,"8,667,412"
10/21/2017,10/25/2017,10/21/2017,.3891,"6,947,365"
10/21/2017,10/25/2017,10/14/2017,.3681,"9,364,830"
10/21/2017,10/25/2017,10/07/2017,.4047,"6,110,209"
10/21/2017,10/25/2017,09/30/2017,.4018,"6,364,411"
10/21/2017,10/25/2017,09/23/2017,.4075,"6,993,889"
10/14/2017,10/18/2017,09/16/2017,.4157,"6,243,041"
10/14/2017,10/18/2017,09/23/2017,.4075,"6,993,889"
10/14/2017,10/18/2017,09/30/2017,.4020,"6,195,814"
10/14/2017,10/18/2017,10/07/2017,.4047,"6,110,209"
10/14/2017,10/18/2017,10/14/2017,.3685,"9,266,430"
10/07/2017,10/12/2017,10/07/2017,.4043,"6,002,845"
10/07/2017,10/12/2017,09/30/2017,.4020,"6,195,814"
10/07/2017,10/12/2017,09/23/2017,.4075,"6,993,889"
10/07/2017,10/12/2017,09/16/2017,.4158,"6,415,480"
10/07/2017,10/12/2017,09/09/2017,.4280,"5,485,291"
09/30/2017,10/04/2017,09/02/2017,.4294,"6,296,618"
09/30/2017,10/04/2017,09/09/2017,.4285,"5,312,852"
09/30/2017,10/04/2017,09/16/2017,.4170,"6,078,176"
09/30/2017,10/04/2017,09/23/2017,.4094,"6,568,585"
09/30/2017,10/04/2017,09/30/2017,.4009,"6,121,864"
09/23/2017,09/27/2017,09/23/2017,.4091,"6,526,585"
09/23/2017,09/27/2017,09/16/2017,.4170,"6,078,176"
09/23/2017,09/27/2017,09/09/2017,.4285,"5,312,852"
09/23/2017,09/27/2017,09/02/2017,.4286,"6,296,618"
09/23/2017,09/27/2017,08/26/2017,.4328,"6,935,279"
09/16/2017,09/20/2017,08/19/2017,.4264,"6,382,100"
09/16/2017,09/20/2017,08/26/2017,.4357,"6,779,488"
09/16/2017,09/20/2017,09/02/2017,.4285,"6,370,500"
09/16/2017,09/20/2017,09/09/2017,.4248,"5,354,187"
09/16/2017,09/20/2017,09/16/2017,.4178,"6,034,176"
09/09/2017,09/13/2017,09/09/2017,.4243,"5,138,149"
09/09/2017,09/13/2017,09/02/2017,.4285,"6,370,831"
09/09/2017,09/13/2017,08/26/2017,.4362,"6,737,325"
09/09/2017,09/13/2017,08/19/2017,.4268,"6,340,102"
09/09/2017,09/13/2017,08/12/2017,.4322,"6,915,252"
09/02/2017,09/07/2017,08/05/2017,.4317,"7,322,914"
09/02/2017,09/07/2017,08/12/2017,.4322,"6,915,252"
09/02/2017,09/07/2017,08/19/2017,.4268,"6,340,102"
09/02/2017,09/07/2017,08/26/2017,.4362,"6,737,325"
09/02/2017,09/07/2017,09/02/2017,.4280,"6,210,831"
08/26/2017,08/30/2017,08/26/2017,.4419,"7,067,740"
08/26/2017,08/30/2017,08/19/2017,.4317,"6,587,954"
08/26/2017,08/30/2017,08/12/2017,.4326,"6,873,089"
08/26/2017,08/30/2017,08/05/2017,.4317,"7,322,914"
08/26/2017,08/30/2017,07/29/2017,.4485,"6,475,846"
08/19/2017,08/23/2017,07/22/2017,.4393,"8,287,589"
08/19/2017,08/23/2017,07/29/2017,.4489,"6,475,846"
08/19/2017,08/23/2017,08/05/2017,.4317,"7,322,913"
08/19/2017,08/23/2017,08/12/2017,.4330,"6,830,926"
08/19/2017,08/23/2017,08/19/2017,.4317,"6,587,954"
08/12/2017,08/16/2017,08/12/2017,.4326,"6,830,926"
08/12/2017,08/16/2017,08/05/2017,.4373,"6,269,225"
08/12/2017,08/16/2017,07/29/2017,.4489,"6,475,846"
08/12/2017,08/16/2017,07/22/2017,.4393,"8,287,589"
08/12/2017,08/16/2017,07/15/2017,.4477,"7,772,251"
08/05/2017,08/09/2017,07/08/2017,.4504,"6,199,571"
08/05/2017,08/09/2017,07/15/2017,.4477,"7,772,251"
08/05/2017,08/09/2017,07/22/2017,.4393,"8,287,589"
08/05/2017,08/09/2017,07/29/2017,.4489,"6,475,846"
08/05/2017,08/09/2017,08/05/2017,.4344,"6,190,970"
07/29/2017,08/02/2017,07/29/2017,.4501,"6,215,330"
07/29/2017,08/02/2017,07/22/2017,.4413,"7,992,503"
07/29/2017,08/02/2017,07/15/2017,.4472,"7,856,577"
07/29/2017,08/02/2017,07/08/2017,.4504,"6,199,571"
07/29/2017,08/02/2017,07/01/2017,.4753,"5,321,899"
07/22/2017,07/26/2017,06/24/2017,.4763,"6,655,435"
07/22/2017,07/26/2017,07/01/2017,.4753,"5,321,899"
07/22/2017,07/26/2017,07/08/2017,.4504,"6,199,571"
07/22/2017,07/26/2017,07/15/2017,.4475,"7,752,520"
07/22/2017,07/26/2017,07/22/2017,.4413,"7,992,503"
07/15/2017,07/19/2017,07/15/2017,.4467,"7,921,227"
07/15/2017,07/19/2017,07/08/2017,.4518,"6,073,138"
07/15/2017,07/19/2017,07/01/2017,.4753,"5,321,899"
07/15/2017,07/19/2017,06/24/2017,.4763,"6,655,435"
07/15/2017,07/19/2017,06/17/2017,.4864,"6,716,209"
07/08/2017,07/12/2017,06/10/2017,.4993,"6,631,364"
07/08/2017,07/12/2017,06/17/2017,.4864,"6,716,209"
07/08/2017,07/12/2017,06/24/2017,.4763,"6,655,435"
07/08/2017,07/12/2017,07/01/2017,.4753,"5,321,899"
07/08/2017,07/12/2017,07/08/2017,.4577,"5,289,678"
07/01/2017,07/06/2017,07/01/2017,.4728,"5,133,949"
07/01/2017,07/06/2017,06/24/2017,.4763,"6,655,876"
07/01/2017,07/06/2017,06/17/2017,.4886,"6,505,945"
07/01/2017,07/06/2017,06/10/2017,.4993,"6,631,364"
07/01/2017,07/06/2017,06/03/2017,.4992,"7,081,206"
06/24/2017,06/28/2017,05/27/2017,.4904,"6,663,366"
06/24/2017,06/28/2017,06/03/2017,.4992,"7,081,206"
06/24/2017,06/28/2017,06/10/2017,.4993,"6,631,364"
06/24/2017,06/28/2017,06/17/2017,.4920,"6,337,459"
06/24/2017,06/28/2017,06/24/2017,.4757,"6,571,876"
06/17/2017,06/21/2017,06/17/2017,.4926,"6,269,759"
06/17/2017,06/21/2017,06/10/2017,.4997,"6,563,201"
06/17/2017,06/21/2017,06/03/2017,.5006,"6,954,772"
06/17/2017,06/21/2017,05/27/2017,.4904,"6,663,366"
06/17/2017,06/21/2017,05/20/2017,.5173,"6,816,801"
06/10/2017,06/14/2017,05/13/2017,.5060,"6,372,540"
06/10/2017,06/14/2017,05/20/2017,.5173,"6,816,801"
06/10/2017,06/14/2017,05/27/2017,.4906,"6,704,766"
06/10/2017,06/14/2017,06/03/2017,.5006,"6,954,772"
06/10/2017,06/14/2017,06/10/2017,.4996,"6,545,251"
06/03/2017,06/07/2017,06/03/2017,.4992,"6,705,880"
06/03/2017,06/07/2017,05/27/2017,.4948,"6,241,304"
06/03/2017,06/07/2017,05/20/2017,.5173,"6,816,801"
06/03/2017,06/07/2017,05/13/2017,.5078,"6,246,106"
06/03/2017,06/07/2017,05/06/2017,.5171,"6,172,887"
05/27/2017,06/01/2017,04/29/2017,.5265,"5,647,915"
05/27/2017,06/01/2017,05/06/2017,.5171,"6,172,887"
05/27/2017,06/01/2017,05/13/2017,.5078,"6,246,106"
05/27/2017,06/01/2017,05/20/2017,.5173,"6,816,801"
05/27/2017,06/01/2017,05/27/2017,.4947,"6,239,194"
05/20/2017,05/24/2017,05/20/2017,.5169,"6,775,685"
05/20/2017,05/24/2017,05/13/2017,.5078,"6,246,106"
05/20/2017,05/24/2017,05/06/2017,.5171,"6,172,887"
05/20/2017,05/24/2017,04/29/2017,.5261,"5,605,807"
05/20/2017,05/24/2017,04/22/2017,.5106,"7,935,196"
05/13/2017,05/17/2017,04/15/2017,.5222,"6,653,255"
05/13/2017,05/17/2017,04/22/2017,.5114,"7,682,273"
05/13/2017,05/17/2017,04/29/2017,.5261,"5,605,807"
05/13/2017,05/17/2017,05/06/2017,.5171,"6,172,887"
05/13/2017,05/17/2017,05/13/2017,.5078,"6,246,106"
05/06/2017,05/10/2017,05/06/2017,.5172,"6,092,887"
05/06/2017,05/10/2017,04/29/2017,.5261,"5,606,028"
05/06/2017,05/10/2017,04/22/2017,.5114,"7,682,383"
05/06/2017,05/10/2017,04/15/2017,.5286,"6,021,086"
05/06/2017,05/10/2017,04/08/2017,.5281,"7,113,499"
04/29/2017,05/03/2017,04/01/2017,.5287,"6,528,003"
04/29/2017,05/03/2017,04/08/2017,.5341,"6,652,462"
04/29/2017,05/03/2017,04/15/2017,.5286,"6,021,086"
04/29/2017,05/03/2017,04/22/2017,.5114,"7,682,383"
04/29/2017,05/03/2017,04/29/2017,.5259,"5,606,092"
04/22/2017,04/26/2017,04/22/2017,.5114,"7,682,383"
04/22/2017,04/26/2017,04/15/2017,.5286,"6,021,086"
04/22/2017,04/26/2017,04/08/2017,.5341,"6,652,462"
04/22/2017,04/26/2017,04/01/2017,.5287,"6,528,003"
04/22/2017,04/26/2017,03/25/2017,.5309,"6,251,621"
04/15/2017,04/19/2017,03/18/2017,.5263,"7,444,638"
04/15/2017,04/19/2017,03/25/2017,.5309,"6,251,621"
04/15/2017,04/19/2017,04/01/2017,.5287,"6,528,003"
04/15/2017,04/19/2017,04/08/2017,.5341,"6,652,462"
04/15/2017,04/19/2017,04/15/2017,.5286,"6,021,086"
04/08/2017,04/12/2017,04/08/2017,.5339,"6,632,512"
04/08/2017,04/12/2017,04/01/2017,.5287,"6,528,003"
04/08/2017,04/12/2017,03/25/2017,.5309,"6,251,621"
04/08/2017,04/12/2017,03/18/2017,.5263,"7,444,694"
04/08/2017,04/12/2017,03/11/2017,.5194,"6,523,948"
04/01/2017,04/05/2017,03/04/2017,.5123,"5,368,929"
04/01/2017,04/05/2017,03/11/2017,.5194,"6,523,948"
04/01/2017,04/05/2017,03/18/2017,.5263,"7,444,694"
04/01/2017,04/05/2017,03/25/2017,.5309,"6,210,284"
04/01/2017,04/05/2017,04/01/2017,.5285,"6,486,603"
03/25/2017,03/29/2017,03/25/2017,.5312,"6,155,610"
03/25/2017,03/29/2017,03/18/2017,.5263,"7,445,411"
03/25/2017,03/29/2017,03/11/2017,.5193,"6,522,019"
03/25/2017,03/29/2017,03/04/2017,.5124,"5,368,929"
03/25/2017,03/29/2017,02/25/2017,.5052,"7,585,894"
03/18/2017,03/22/2017,02/18/2017,.4943,"6,147,477"
03/18/2017,03/22/2017,02/25/2017,.5052,"7,585,894"
03/18/2017,03/22/2017,03/04/2017,.5125,"5,368,929"
03/18/2017,03/22/2017,03/11/2017,.5202,"6,466,904"
03/18/2017,03/22/2017,03/18/2017,.5263,"7,445,631"
03/11/2017,03/15/2017,03/11/2017,.5201,"6,422,811"
03/11/2017,03/15/2017,03/04/2017,.5125,"5,368,929"
03/11/2017,03/15/2017,02/25/2017,.5052,"7,585,894"
03/11/2017,03/15/2017,02/18/2017,.4943,"6,147,477"
03/11/2017,03/15/2017,02/11/2017,.4822,"7,306,249"
03/04/2017,03/08/2017,02/04/2017,.4700,"4,744,147"
03/04/2017,03/08/2017,02/11/2017,.4823,"7,306,249"
03/04/2017,03/08/2017,02/18/2017,.4944,"6,147,477"
03/04/2017,03/08/2017,02/25/2017,.5047,"7,585,894"
03/04/2017,03/08/2017,03/04/2017,.5130,"5,162,579"
02/25/2017,03/01/2017,02/25/2017,.5042,"7,586,335"
02/25/2017,03/01/2017,02/18/2017,.4944,"6,148,029"
02/25/2017,03/01/2017,02/11/2017,.4823,"7,306,249"
02/25/2017,03/01/2017,02/04/2017,.4700,"4,744,147"
02/25/2017,03/01/2017,01/28/2017,.4592,"5,678,356"
02/18/2017,02/23/2017,01/21/2017,.4455,"8,297,014"
02/18/2017,02/23/2017,01/28/2017,.4592,"5,678,356"
02/18/2017,02/23/2017,02/04/2017,.4685,"4,870,526"
02/18/2017,02/23/2017,02/11/2017,.4822,"7,306,249"
02/18/2017,02/23/2017,02/18/2017,.4940,"6,108,346"
02/11/2017,02/15/2017,02/11/2017,.4822,"7,347,586"
02/11/2017,02/15/2017,02/04/2017,.4685,"4,870,526"
02/11/2017,02/15/2017,01/28/2017,.4591,"5,722,338"
02/11/2017,02/15/2017,01/21/2017,.4455,"8,297,014"
02/11/2017,02/15/2017,01/14/2017,.4370,"7,436,009"
02/04/2017,02/08/2017,01/07/2017,.4253,"5,322,515"
02/04/2017,02/08/2017,01/14/2017,.4370,"7,436,009"
02/04/2017,02/08/2017,01/21/2017,.4455,"8,298,006"
02/04/2017,02/08/2017,01/28/2017,.4591,"5,722,338"
02/04/2017,02/08/2017,02/04/2017,.4685,"4,870,526"
01/28/2017,02/01/2017,01/28/2017,.4593,"5,762,338"
01/28/2017,02/01/2017,01/21/2017,.4454,"8,338,006"
01/28/2017,02/01/2017,01/14/2017,.4370,"7,436,009"
01/28/2017,02/01/2017,01/07/2017,.4254,"5,360,515"
01/28/2017,02/01/2017,12/31/2016,.4133,"4,902,118"
01/21/2017,01/25/2017,12/24/2016,.4069,"5,329,721"
01/21/2017,01/25/2017,12/31/2016,.4133,"4,902,118"
01/21/2017,01/25/2017,01/07/2017,.4254,"5,360,515"
01/21/2017,01/25/2017,01/14/2017,.4372,"7,470,180"
01/21/2017,01/25/2017,01/21/2017,.4454,"8,335,506"
01/14/2017,01/19/2017,01/14/2017,.4371,"7,426,088"
01/14/2017,01/19/2017,01/07/2017,.4255,"5,360,515"
01/14/2017,01/19/2017,12/31/2016,.4140,"4,902,655"
01/14/2017,01/19/2017,12/24/2016,.4069,"5,329,721"
01/14/2017,01/19/2017,12/17/2016,.4030,"6,360,106"
01/07/2017,01/11/2017,12/10/2016,.3932,"6,430,465"
01/07/2017,01/11/2017,12/17/2016,.4030,"6,360,106"
01/07/2017,01/11/2017,12/24/2016,.4069,"5,329,721"
01/07/2017,01/11/2017,12/31/2016,.4140,"4,902,655"
01/07/2017,01/11/2017,01/07/2017,.4272,"5,228,294"
12/31/2016,01/05/2017,12/31/2016,.4140,"4,902,655"
12/31/2016,01/05/2017,12/24/2016,.4069,"5,329,721"
12/31/2016,01/05/2017,12/17/2016,.4030,"6,360,381"
12/31/2016,01/05/2017,12/10/2016,.3932,"6,430,465"
12/31/2016,01/05/2017,12/03/2016,.3838,"6,045,203"
12/24/2016,12/29/2016,11/26/2016,.3769,"5,116,727"
12/24/2016,12/29/2016,12/03/2016,.3838,"6,045,203"
12/24/2016,12/29/2016,12/10/2016,.3932,"6,430,465"
12/24/2016,12/29/2016,12/17/2016,.4030,"6,360,381"
12/24/2016,12/29/2016,12/24/2016,.4061,"5,197,443"
12/17/2016,12/21/2016,12/17/2016,.4030,"6,360,381"
12/17/2016,12/21/2016,12/10/2016,.3932,"6,430,465"
12/17/2016,12/21/2016,12/03/2016,.3838,"6,045,203"
12/17/2016,12/21/2016,11/26/2016,.3769,"5,116,727"
12/17/2016,12/21/2016,11/19/2016,.3743,"6,123,490"
12/10/2016,12/14/2016,11/12/2016,.3672,"6,315,569"
12/10/2016,12/14/2016,11/19/2016,.3743,"6,123,490"
12/10/2016,12/14/2016,11/26/2016,.3769,"5,116,727"
12/10/2016,12/14/2016,12/03/2016,.3838,"6,045,203"
12/10/2016,12/14/2016,12/10/2016,.3932,"6,430,465"
12/03/2016,12/07/2016,12/03/2016,.3826,"5,677,203"
12/03/2016,12/07/2016,11/26/2016,.3769,"5,116,727"
12/03/2016,12/07/2016,11/19/2016,.3743,"6,123,490"
12/03/2016,12/07/2016,11/12/2016,.3672,"6,315,569"
12/03/2016,12/07/2016,11/05/2016,.3572,"5,408,570"
11/26/2016,11/30/2016,10/29/2016,.3449,"6,140,139"
11/26/2016,11/30/2016,11/05/2016,.3572,"5,408,570"
11/26/2016,11/30/2016,11/12/2016,.3672,"6,315,569"
11/26/2016,11/30/2016,11/19/2016,.3744,"6,163,173"
11/26/2016,11/30/2016,11/26/2016,.3770,"5,116,727"
11/19/2016,11/23/2016,11/19/2016,.3744,"6,163,173"
11/19/2016,11/23/2016,11/12/2016,.3670,"6,357,732"
11/19/2016,11/23/2016,11/05/2016,.3571,"5,408,570"
11/19/2016,11/23/2016,10/29/2016,.3449,"6,140,139"
11/19/2016,11/23/2016,10/22/2016,.3429,"5,615,390"
11/12/2016,11/16/2016,10/15/2016,.3256,"6,153,892"
11/12/2016,11/16/2016,10/22/2016,.3429,"5,615,390"
11/12/2016,11/16/2016,10/29/2016,.3449,"6,140,139"
11/12/2016,11/16/2016,11/05/2016,.3571,"5,408,570"
11/12/2016,11/16/2016,11/12/2016,.3670,"6,361,732"
11/05/2016,11/09/2016,11/05/2016,.3569,"5,384,620"
11/05/2016,11/09/2016,10/29/2016,.3449,"6,140,139"
11/05/2016,11/09/2016,10/22/2016,.3429,"5,615,390"
11/05/2016,11/09/2016,10/15/2016,.3254,"6,196,055"
11/05/2016,11/09/2016,10/08/2016,.3092,"5,977,563"
10/29/2016,11/02/2016,10/01/2016,.3135,"6,567,321"
10/29/2016,11/02/2016,10/08/2016,.3092,"5,977,563"
10/29/2016,11/02/2016,10/15/2016,.3254,"6,196,055"
10/29/2016,11/02/2016,10/22/2016,.3429,"5,615,390"
10/29/2016,11/02/2016,10/29/2016,.3445,"6,054,339"
10/22/2016,10/26/2016,10/22/2016,.3428,"5,593,247"
10/22/2016,10/26/2016,10/15/2016,.3254,"6,196,055"
10/22/2016,10/26/2016,10/08/2016,.3092,"5,977,563"
10/22/2016,10/26/2016,10/01/2016,.3135,"6,567,321"
10/22/2016,10/26/2016,09/24/2016,.3108,"7,374,617"
10/15/2016,10/19/2016,09/17/2016,.3085,"6,811,643"
10/15/2016,10/19/2016,09/24/2016,.3108,"7,374,617"
10/15/2016,10/19/2016,10/01/2016,.3135,"6,567,321"
10/15/2016,10/19/2016,10/08/2016,.3092,"5,977,563"
10/15/2016,10/19/2016,10/15/2016,.3252,"6,152,055"
10/08/2016,10/13/2016,10/08/2016,.3083,"5,871,470"
10/08/2016,10/13/2016,10/01/2016,.3135,"6,567,321"
10/08/2016,10/13/2016,09/24/2016,.3108,"7,374,617"
10/08/2016,10/13/2016,09/17/2016,.3071,"6,811,643"
10/08/2016,10/13/2016,09/10/2016,.3004,"7,293,355"
10/01/2016,10/05/2016,09/03/2016,.2976,"6,145,046"
10/01/2016,10/05/2016,09/10/2016,.2980,"7,293,352"
10/01/2016,10/05/2016,09/17/2016,.3071,"6,811,643"
10/01/2016,10/05/2016,09/24/2016,.3108,"7,374,617"
10/01/2016,10/05/2016,10/01/2016,.3135,"6,567,321"
09/24/2016,09/28/2016,09/24/2016,.3097,"7,179,017"
09/24/2016,09/28/2016,09/17/2016,.3071,"6,811,643"
09/24/2016,09/28/2016,09/10/2016,.2980,"7,293,352"
09/24/2016,09/28/2016,09/03/2016,.2976,"6,145,046"
09/24/2016,09/28/2016,08/27/2016,.2925,"6,958,880"
09/17/2016,09/21/2016,08/20/2016,.2817,"8,662,815"
09/17/2016,09/21/2016,08/27/2016,.2926,"7,001,043"
09/17/2016,09/21/2016,09/03/2016,.2976,"6,145,046"
09/17/2016,09/21/2016,09/10/2016,.2973,"7,083,257"
09/17/2016,09/21/2016,09/17/2016,.3060,"6,661,643"
09/10/2016,09/14/2016,09/10/2016,.2973,"7,083,257"
09/10/2016,09/14/2016,09/03/2016,.2976,"6,145,046"
09/10/2016,09/14/2016,08/27/2016,.2926,"7,001,043"
09/10/2016,09/14/2016,08/20/2016,.2817,"8,662,815"
09/10/2016,09/14/2016,08/13/2016,.2828,"8,175,738"
09/03/2016,09/08/2016,08/06/2016,.2821,"6,479,947"
09/03/2016,09/08/2016,08/13/2016,.2828,"8,175,888"
09/03/2016,09/08/2016,08/20/2016,.2817,"8,662,815"
09/03/2016,09/08/2016,08/27/2016,.2924,"6,957,006"
09/03/2016,09/08/2016,09/03/2016,.2969,"5,932,557"
08/27/2016,08/31/2016,08/27/2016,.2926,"7,001,043"
08/27/2016,08/31/2016,08/20/2016,.2816,"8,662,375"
08/27/2016,08/31/2016,08/13/2016,.2828,"8,175,887"
08/27/2016,08/31/2016,08/06/2016,.2821,"6,479,289"
08/27/2016,08/31/2016,07/30/2016,.2696,"7,108,880"
08/20/2016,08/24/2016,07/23/2016,.2821,"6,801,939"
08/20/2016,08/24/2016,07/30/2016,.2696,"7,108,880"
08/20/2016,08/24/2016,08/06/2016,.2821,"6,479,289"
08/20/2016,08/24/2016,08/13/2016,.2828,"8,175,887"
08/20/2016,08/24/2016,08/20/2016,.2809,"8,085,198"
08/13/2016,08/17/2016,08/13/2016,.2827,"8,131,887"
08/13/2016,08/17/2016,08/06/2016,.2827,"6,559,289"
08/13/2016,08/17/2016,07/30/2016,.2696,"7,108,880"
08/13/2016,08/17/2016,07/23/2016,.2821,"6,759,776"
08/13/2016,08/17/2016,07/16/2016,.2738,"7,332,410"
08/06/2016,08/10/2016,07/09/2016,.2760,"5,693,366"
08/06/2016,08/10/2016,07/16/2016,.2737,"7,290,247"
08/06/2016,08/10/2016,07/23/2016,.2821,"6,759,776"
08/06/2016,08/10/2016,07/30/2016,.2698,"7,150,880"
08/06/2016,08/10/2016,08/06/2016,.2825,"6,991,089"
07/30/2016,08/03/2016,07/30/2016,.2694,"7,062,380"
07/30/2016,08/03/2016,07/23/2016,.2821,"6,759,776"
07/30/2016,08/03/2016,07/16/2016,.2737,"7,290,247"
07/30/2016,08/03/2016,07/09/2016,.2760,"5,693,476"
07/30/2016,08/03/2016,07/02/2016,.2697,"5,900,501"
07/23/2016,07/27/2016,06/25/2016,.2661,"6,663,456"
07/23/2016,07/27/2016,07/02/2016,.2697,"5,900,501"
07/23/2016,07/27/2016,07/09/2016,.2760,"5,693,476"
07/23/2016,07/27/2016,07/16/2016,.2737,"7,290,247"
07/23/2016,07/27/2016,07/23/2016,.2821,"6,759,776"
07/16/2016,07/20/2016,07/16/2016,.2733,"7,192,297"
07/16/2016,07/20/2016,07/09/2016,.2760,"5,693,476"
07/16/2016,07/20/2016,07/02/2016,.2697,"5,900,501"
07/16/2016,07/20/2016,06/25/2016,.2658,"6,621,293"
07/16/2016,07/20/2016,06/18/2016,.2632,"9,406,534"
07/09/2016,07/13/2016,06/11/2016,.2521,"9,001,473"
07/09/2016,07/13/2016,06/18/2016,.2629,"9,111,393"
07/09/2016,07/13/2016,06/25/2016,.2658,"6,621,679"
07/09/2016,07/13/2016,07/02/2016,.2697,"5,900,501"
07/09/2016,07/13/2016,07/09/2016,.2754,"5,555,476"
07/02/2016,07/07/2016,07/02/2016,.2697,"5,900,501"
07/02/2016,07/07/2016,06/25/2016,.2658,"6,578,823"
07/02/2016,07/07/2016,06/18/2016,.2629,"9,111,393"
07/02/2016,07/07/2016,06/11/2016,.2521,"9,001,473"
07/02/2016,07/07/2016,06/04/2016,.2617,"5,739,746"
06/25/2016,06/29/2016,05/28/2016,.2499,"7,675,142"
06/25/2016,06/29/2016,06/04/2016,.2618,"5,655,420"
06/25/2016,06/29/2016,06/11/2016,.2521,"9,001,473"
06/25/2016,06/29/2016,06/18/2016,.2630,"9,133,393"
06/25/2016,06/29/2016,06/25/2016,.2657,"6,534,823"
06/18/2016,06/22/2016,06/18/2016,.2630,"9,133,393"
06/18/2016,06/22/2016,06/11/2016,.2521,"9,001,473"
06/18/2016,06/22/2016,06/04/2016,.2618,"5,655,420"
06/18/2016,06/22/2016,05/28/2016,.2499,"7,675,142"
06/18/2016,06/22/2016,05/21/2016,.2492,"8,075,152"
06/11/2016,06/15/2016,05/14/2016,.2525,"9,853,892"
06/11/2016,06/15/2016,05/21/2016,.2492,"8,075,152"
06/11/2016,06/15/2016,05/28/2016,.2499,"7,675,142"
06/11/2016,06/15/2016,06/04/2016,.2618,"5,655,420"
06/11/2016,06/15/2016,06/11/2016,.2521,"9,001,473"
06/04/2016,06/08/2016,06/04/2016,.2584,"5,168,607"
06/04/2016,06/08/2016,05/28/2016,.2500,"7,675,142"
06/04/2016,06/08/2016,05/21/2016,.2492,"8,075,152"
06/04/2016,06/08/2016,05/14/2016,.2525,"9,853,892"
06/04/2016,06/08/2016,05/07/2016,.2505,"6,761,696"
05/28/2016,06/02/2016,04/30/2016,.2476,"6,767,327"
05/28/2016,06/02/2016,05/07/2016,.2505,"6,761,696"
05/28/2016,06/02/2016,05/14/2016,.2525,"9,853,892"
05/28/2016,06/02/2016,05/21/2016,.2487,"7,945,307"
05/28/2016,06/02/2016,05/28/2016,.2500,"7,667,142"
05/21/2016,05/25/2016,05/21/2016,.2487,"7,945,307"
05/21/2016,05/25/2016,05/14/2016,.2525,"9,853,892"
05/21/2016,05/25/2016,05/07/2016,.2505,"6,761,696"
05/21/2016,05/25/2016,04/30/2016,.2476,"6,767,327"
05/21/2016,05/25/2016,04/23/2016,.2421,"9,734,999"
05/14/2016,05/18/2016,04/16/2016,.2432,"7,197,426"
05/14/2016,05/18/2016,04/23/2016,.2419,"9,826,693"
05/14/2016,05/18/2016,04/30/2016,.2476,"6,767,327"
05/14/2016,05/18/2016,05/07/2016,.2505,"6,683,604"
05/14/2016,05/18/2016,05/14/2016,.2533,"9,853,947"
05/07/2016,05/11/2016,05/07/2016,.2502,"6,611,654"
05/07/2016,05/11/2016,04/30/2016,.2476,"6,767,327"
05/07/2016,05/11/2016,04/23/2016,.2419,"9,826,693"
05/07/2016,05/11/2016,04/16/2016,.2432,"7,197,426"
05/07/2016,05/11/2016,04/09/2016,.2499,"6,988,120"
04/30/2016,05/04/2016,04/02/2016,.2522,"7,984,706"
04/30/2016,05/04/2016,04/09/2016,.2498,"6,982,608"
04/30/2016,05/04/2016,04/16/2016,.2432,"7,197,426"
04/30/2016,05/04/2016,04/23/2016,.2419,"9,826,693"
04/30/2016,05/04/2016,04/30/2016,.2470,"6,643,427"
04/23/2016,04/27/2016,04/23/2016,.2413,"9,698,743"
04/23/2016,04/27/2016,04/16/2016,.2432,"7,197,426"
04/23/2016,04/27/2016,04/09/2016,.2498,"6,982,608"
04/23/2016,04/27/2016,04/02/2016,.2522,"7,984,706"
04/23/2016,04/27/2016,03/26/2016,.2456,"6,530,103"
04/16/2016,04/20/2016,03/19/2016,.2390,"8,727,457"
04/16/2016,04/20/2016,03/26/2016,.2456,"6,530,103"
04/16/2016,04/20/2016,04/02/2016,.2522,"7,984,706"
04/16/2016,04/20/2016,04/09/2016,.2498,"6,982,608"
04/16/2016,04/20/2016,04/16/2016,.2432,"7,197,426"
04/09/2016,04/13/2016,04/09/2016,.2498,"6,982,608"
04/09/2016,04/13/2016,04/02/2016,.2522,"7,984,706"
04/09/2016,04/13/2016,03/26/2016,.2456,"6,530,103"
04/09/2016,04/13/2016,03/19/2016,.2390,"8,727,457"
04/09/2016,04/13/2016,03/12/2016,.2566,"6,916,287"
04/02/2016,04/06/2016,03/05/2016,.2530,"6,142,267"
04/02/2016,04/06/2016,03/12/2016,.2566,"6,916,287"
04/02/2016,04/06/2016,03/19/2016,.2390,"8,727,457"
04/02/2016,04/06/2016,03/26/2016,.2456,"6,532,103"
04/02/2016,04/06/2016,04/02/2016,.2517,"8,042,421"
03/26/2016,03/30/2016,03/26/2016,.2451,"6,488,153"
03/26/2016,03/30/2016,03/19/2016,.2390,"8,727,457"
03/26/2016,03/30/2016,03/12/2016,.2566,"6,916,287"
03/26/2016,03/30/2016,03/05/2016,.2530,"6,142,267"
03/26/2016,03/30/2016,02/27/2016,.2594,"6,606,427"
03/19/2016,03/23/2016,02/20/2016,.2462,"8,716,340"
03/19/2016,03/23/2016,02/27/2016,.2592,"6,606,427"
03/19/2016,03/23/2016,03/05/2016,.2530,"6,142,267"
03/19/2016,03/23/2016,03/12/2016,.2564,"6,831,961"
03/19/2016,03/23/2016,03/19/2016,.2450,"8,039,609"
03/12/2016,03/16/2016,03/12/2016,.2563,"6,812,009"
03/12/2016,03/16/2016,03/05/2016,.2530,"6,142,267"
03/12/2016,03/16/2016,02/27/2016,.2590,"6,649,968"
03/12/2016,03/16/2016,02/20/2016,.2462,"8,716,340"
03/12/2016,03/16/2016,02/13/2016,.2361,"7,429,199"
03/05/2016,03/09/2016,02/06/2016,.2485,"7,210,298"
03/05/2016,03/09/2016,02/13/2016,.2361,"7,429,199"
03/05/2016,03/09/2016,02/20/2016,.2462,"8,716,340"
03/05/2016,03/09/2016,02/27/2016,.2590,"6,649,968"
03/05/2016,03/09/2016,03/05/2016,.2530,"6,142,267"
02/27/2016,03/02/2016,02/27/2016,.2589,"6,607,968"
02/27/2016,03/02/2016,02/20/2016,.2462,"8,716,340"
02/27/2016,03/02/2016,02/13/2016,.2361,"7,429,199"
02/27/2016,03/02/2016,02/06/2016,.2478,"7,210,135"
02/27/2016,03/02/2016,01/30/2016,.2385,"9,687,000"
02/20/2016,02/24/2016,01/23/2016,.2344,"6,940,657"
02/20/2016,02/24/2016,01/30/2016,.2385,"9,687,056"
02/20/2016,02/24/2016,02/06/2016,.2478,"7,210,135"
02/20/2016,02/24/2016,02/13/2016,.2361,"7,429,199"
02/20/2016,02/24/2016,02/20/2016,.2455,"8,628,740"
02/13/2016,02/18/2016,02/13/2016,.2375,"7,297,070"
02/13/2016,02/18/2016,02/06/2016,.2478,"7,210,135"
02/13/2016,02/18/2016,01/30/2016,.2385,"9,687,056"
02/13/2016,02/18/2016,01/23/2016,.2344,"6,940,657"
02/13/2016,02/18/2016,01/16/2016,.2332,"8,066,990"
02/06/2016,02/10/2016,01/09/2016,.2336,"6,578,731"
02/06/2016,02/10/2016,01/16/2016,.2332,"8,067,211"
02/06/2016,02/10/2016,01/23/2016,.2344,"6,940,657"
02/06/2016,02/10/2016,01/30/2016,.2385,"9,687,056"
02/06/2016,02/10/2016,02/06/2016,.2479,"7,168,735"
01/30/2016,02/03/2016,01/30/2016,.2381,"9,547,256"
01/30/2016,02/03/2016,01/23/2016,.2344,"6,940,657"
01/30/2016,02/03/2016,01/16/2016,.2332,"8,067,211"
01/30/2016,02/03/2016,01/09/2016,.2336,"6,578,731"
01/30/2016,02/03/2016,01/02/2016,.2351,"4,448,240"
01/23/2016,01/27/2016,12/26/2015,.2293,"6,263,085"
01/23/2016,01/27/2016,01/02/2016,.2351,"4,448,240"
01/23/2016,01/27/2016,01/09/2016,.2336,"6,578,731"
01/23/2016,01/27/2016,01/16/2016,.2332,"8,067,211"
01/23/2016,01/27/2016,01/23/2016,.2352,"6,896,757"
01/16/2016,01/21/2016,01/16/2016,.2351,"7,787,782"
01/16/2016,01/21/2016,01/09/2016,.2336,"6,578,731"
01/16/2016,01/21/2016,01/02/2016,.2351,"4,448,240"
01/16/2016,01/21/2016,12/26/2015,.2296,"6,267,195"
01/16/2016,01/21/2016,12/19/2015,.2313,"8,437,087"
01/09/2016,01/13/2016,12/12/2015,.2384,"6,907,211"
01/09/2016,01/13/2016,12/19/2015,.2313,"8,437,087"
01/09/2016,01/13/2016,12/26/2015,.2296,"6,267,195"
01/09/2016,01/13/2016,01/02/2016,.2351,"4,448,240"
01/09/2016,01/13/2016,01/09/2016,.2339,"6,422,788"
01/02/2016,01/06/2016,01/02/2016,.2354,"4,442,240"
01/02/2016,01/06/2016,12/26/2015,.2296,"6,267,195"
01/02/2016,01/06/2016,12/19/2015,.2313,"8,437,087"
01/02/2016,01/06/2016,12/12/2015,.2382,"6,865,048"
01/02/2016,01/06/2016,12/05/2015,.2355,"7,331,093"
12/26/2015,12/30/2015,11/28/2015,.2475,"3,849,945"
12/26/2015,12/30/2015,12/05/2015,.2355,"7,331,093"
12/26/2015,12/30/2015,12/12/2015,.2382,"6,867,048"
12/26/2015,12/30/2015,12/19/2015,.2313,"8,437,087"
12/26/2015,12/30/2015,12/26/2015,.2293,"6,217,195"
12/19/2015,12/23/2015,12/19/2015,.2308,"8,333,087"
12/19/2015,12/23/2015,12/12/2015,.2382,"6,867,048"
12/19/2015,12/23/2015,12/05/2015,.2355,"7,331,093"
12/19/2015,12/23/2015,11/28/2015,.2475,"3,849,945"
12/19/2015,12/23/2015,11/21/2015,.2319,"7,538,544"
12/12/2015,12/16/2015,11/14/2015,.2285,"6,353,213"
12/12/2015,12/16/2015,11/21/2015,.2316,"7,496,381"
12/12/2015,12/16/2015,11/28/2015,.2475,"3,849,945"
12/12/2015,12/16/2015,12/05/2015,.2355,"7,331,093"
12/12/2015,12/16/2015,12/12/2015,.2425,"6,583,031"
12/05/2015,12/09/2015,12/05/2015,.2354,"7,289,093"
12/05/2015,12/09/2015,11/28/2015,.2475,"3,849,945"
12/05/2015,12/09/2015,11/21/2015,.2316,"7,496,381"
12/05/2015,12/09/2015,11/14/2015,.2286,"6,353,213"
12/05/2015,12/09/2015,11/07/2015,.2351,"5,690,551"
11/28/2015,12/02/2015,10/31/2015,.2316,"7,653,906"
11/28/2015,12/02/2015,11/07/2015,.2352,"5,690,443"
11/28/2015,12/02/2015,11/14/2015,.2286,"6,353,213"
11/28/2015,12/02/2015,11/21/2015,.2316,"7,496,381"
11/28/2015,12/02/2015,11/28/2015,.2468,"3,736,045"
11/21/2015,11/25/2015,11/21/2015,.2316,"7,476,381"
11/21/2015,11/25/2015,11/14/2015,.2286,"6,353,213"
11/21/2015,11/25/2015,11/07/2015,.2352,"5,690,443"
11/21/2015,11/25/2015,10/31/2015,.2305,"7,477,593"
11/21/2015,11/25/2015,10/24/2015,.2291,"8,935,822"
11/14/2015,11/18/2015,10/17/2015,.2268,"7,830,323"
11/14/2015,11/18/2015,10/24/2015,.2292,"8,943,262"
11/14/2015,11/18/2015,10/31/2015,.2305,"7,477,593"
11/14/2015,11/18/2015,11/07/2015,.2352,"5,690,443"
11/14/2015,11/18/2015,11/14/2015,.2313,"6,221,371"
11/07/2015,11/12/2015,11/07/2015,.2368,"5,514,493"
11/07/2015,11/12/2015,10/31/2015,.2305,"7,477,593"
11/07/2015,11/12/2015,10/24/2015,.2287,"8,943,262"
11/07/2015,11/12/2015,10/17/2015,.2268,"7,830,323"
11/07/2015,11/12/2015,10/10/2015,.2256,"8,259,415"
10/31/2015,11/04/2015,10/03/2015,.2432,"8,396,882"
10/31/2015,11/04/2015,10/10/2015,.2256,"8,259,415"
10/31/2015,11/04/2015,10/17/2015,.2268,"7,830,323"
10/31/2015,11/04/2015,10/24/2015,.2280,"8,811,041"
10/31/2015,11/04/2015,10/31/2015,.2305,"7,477,593"
10/24/2015,10/28/2015,10/24/2015,.2272,"8,490,541"
10/24/2015,10/28/2015,10/17/2015,.2274,"7,876,766"
10/24/2015,10/28/2015,10/10/2015,.2256,"8,259,415"
10/24/2015,10/28/2015,10/03/2015,.2432,"8,396,882"
10/24/2015,10/28/2015,09/26/2015,.2342,"9,478,600"
10/17/2015,10/21/2015,09/19/2015,.2330,"8,209,630"
10/17/2015,10/21/2015,09/26/2015,.2342,"9,478,600"
10/17/2015,10/21/2015,10/03/2015,.2432,"8,396,882"
10/17/2015,10/21/2015,10/10/2015,.2256,"8,259,525"
10/17/2015,10/21/2015,10/17/2015,.2269,"7,747,966"
10/10/2015,10/15/2015,10/10/2015,.2244,"8,175,689"
10/10/2015,10/15/2015,10/03/2015,.2432,"8,396,882"
10/10/2015,10/15/2015,09/26/2015,.2339,"9,438,917"
10/10/2015,10/15/2015,09/19/2015,.2338,"8,209,685"
10/10/2015,10/15/2015,09/12/2015,.2470,"7,576,518"
10/03/2015,10/07/2015,09/05/2015,.2687,"6,278,019"
10/03/2015,10/07/2015,09/12/2015,.2485,"7,576,518"
10/03/2015,10/07/2015,09/19/2015,.2338,"8,209,685"
10/03/2015,10/07/2015,09/26/2015,.2339,"9,438,917"
10/03/2015,10/07/2015,10/03/2015,.2430,"8,058,046"
09/26/2015,09/30/2015,09/26/2015,.2341,"9,434,967"
09/26/2015,09/30/2015,09/19/2015,.2338,"8,209,685"
09/26/2015,09/30/2015,09/12/2015,.2485,"7,576,518"
09/26/2015,09/30/2015,09/05/2015,.2682,"6,236,075"
09/26/2015,09/30/2015,08/29/2015,.2732,"10,395,671"
09/19/2015,09/23/2015,08/22/2015,.2983,"7,480,261"
09/19/2015,09/23/2015,08/29/2015,.2734,"10,398,206"
09/19/2015,09/23/2015,09/05/2015,.2682,"6,236,075"
09/19/2015,09/23/2015,09/12/2015,.2485,"7,576,518"
09/19/2015,09/23/2015,09/19/2015,.2351,"8,109,785"
09/12/2015,09/16/2015,09/12/2015,.2485,"7,576,518"
09/12/2015,09/16/2015,09/05/2015,.2682,"6,236,075"
09/12/2015,09/16/2015,08/29/2015,.2734,"10,398,206"
09/12/2015,09/16/2015,08/22/2015,.2995,"7,522,261"
09/12/2015,09/16/2015,08/15/2015,.3418,"5,660,727"
09/05/2015,09/10/2015,08/08/2015,.3554,"6,014,894"
09/05/2015,09/10/2015,08/15/2015,.3418,"5,660,727"
09/05/2015,09/10/2015,08/22/2015,.2995,"7,522,261"
09/05/2015,09/10/2015,08/29/2015,.2734,"10,398,206"
09/05/2015,09/10/2015,09/05/2015,.2685,"6,181,075"
08/29/2015,09/02/2015,08/29/2015,.2748,"9,838,206"
08/29/2015,09/02/2015,08/22/2015,.2995,"7,522,261"
08/29/2015,09/02/2015,08/15/2015,.3418,"5,660,727"
08/29/2015,09/02/2015,08/08/2015,.3549,"5,972,730"
08/29/2015,09/02/2015,08/01/2015,.3802,"5,735,969"
08/22/2015,08/26/2015,07/25/2015,.3760,"6,488,868"
08/22/2015,08/26/2015,08/01/2015,.3810,"5,735,969"
08/22/2015,08/26/2015,08/08/2015,.3549,"5,972,730"
08/22/2015,08/26/2015,08/15/2015,.3418,"5,660,727"
08/22/2015,08/26/2015,08/22/2015,.2996,"7,480,924"
08/15/2015,08/19/2015,08/15/2015,.3439,"5,745,186"
08/15/2015,08/19/2015,08/08/2015,.3549,"5,972,730"
08/15/2015,08/19/2015,08/01/2015,.3816,"5,777,306"
08/15/2015,08/19/2015,07/25/2015,.3759,"6,489,588"
08/15/2015,08/19/2015,07/18/2015,.3923,"6,305,758"
08/08/2015,08/12/2015,07/11/2015,.4074,"6,558,234"
08/08/2015,08/12/2015,07/18/2015,.3923,"6,306,199"
08/08/2015,08/12/2015,07/25/2015,.3759,"6,489,588"
08/08/2015,08/12/2015,08/01/2015,.3816,"5,777,306"
08/08/2015,08/12/2015,08/08/2015,.3551,"5,902,880"
08/01/2015,08/05/2015,08/01/2015,.3805,"5,779,857"
08/01/2015,08/05/2015,07/25/2015,.3759,"6,489,588"
08/01/2015,08/05/2015,07/18/2015,.3923,"6,306,199"
08/01/2015,08/05/2015,07/11/2015,.4054,"6,400,770"
08/01/2015,08/05/2015,07/04/2015,.4073,"9,190,995"
07/25/2015,07/29/2015,06/27/2015,.4127,"8,742,684"
07/25/2015,07/29/2015,07/04/2015,.4092,"9,650,985"
07/25/2015,07/29/2015,07/11/2015,.4055,"6,400,770"
07/25/2015,07/29/2015,07/18/2015,.3923,"6,306,201"
07/25/2015,07/29/2015,07/25/2015,.3759,"6,481,326"
07/18/2015,07/22/2015,07/18/2015,.3894,"6,362,819"
07/18/2015,07/22/2015,07/11/2015,.4055,"6,400,770"
07/18/2015,07/22/2015,07/04/2015,.4092,"9,650,985"
07/18/2015,07/22/2015,06/27/2015,.4127,"8,742,684"
07/18/2015,07/22/2015,06/20/2015,.4201,"5,397,503"
07/11/2015,07/15/2015,06/13/2015,.4321,"5,262,417"
07/11/2015,07/15/2015,06/20/2015,.4210,"5,397,559"
07/11/2015,07/15/2015,06/27/2015,.4127,"8,742,684"
07/11/2015,07/15/2015,07/04/2015,.4092,"9,650,985"
07/11/2015,07/15/2015,07/11/2015,.4041,"6,183,387"
07/04/2015,07/08/2015,07/04/2015,.4090,"9,570,599"
07/04/2015,07/08/2015,06/27/2015,.4127,"8,742,684"
07/04/2015,07/08/2015,06/20/2015,.4210,"5,397,559"
07/04/2015,07/08/2015,06/13/2015,.4321,"5,091,837"
07/04/2015,07/08/2015,06/06/2015,.4361,"6,124,782"
06/27/2015,07/01/2015,05/30/2015,.4337,"8,955,832"
06/27/2015,07/01/2015,06/06/2015,.4358,"6,082,729"
06/27/2015,07/01/2015,06/13/2015,.4321,"5,091,837"
06/27/2015,07/01/2015,06/20/2015,.4210,"5,397,559"
06/27/2015,07/01/2015,06/27/2015,.4140,"8,395,977"
06/20/2015,06/24/2015,06/20/2015,.4231,"5,221,189"
06/20/2015,06/24/2015,06/13/2015,.4321,"5,091,837"
06/20/2015,06/24/2015,06/06/2015,.4358,"6,082,729"
06/20/2015,06/24/2015,05/30/2015,.4352,"8,449,931"
06/20/2015,06/24/2015,05/23/2015,.4387,"7,920,078"
06/13/2015,06/17/2015,05/16/2015,.4553,"7,094,402"
06/13/2015,06/17/2015,05/23/2015,.4398,"7,793,589"
06/13/2015,06/17/2015,05/30/2015,.4352,"8,449,931"
06/13/2015,06/17/2015,06/06/2015,.4361,"6,082,729"
06/13/2015,06/17/2015,06/13/2015,.4317,"4,986,501"
06/06/2015,06/10/2015,06/06/2015,.4369,"5,994,829"
06/06/2015,06/10/2015,05/30/2015,.4352,"8,449,931"
06/06/2015,06/10/2015,05/23/2015,.4398,"7,793,587"
06/06/2015,06/10/2015,05/16/2015,.4553,"7,178,726"
06/06/2015,06/10/2015,05/09/2015,.4369,"8,079,418"
05/30/2015,06/03/2015,05/02/2015,.4641,"6,052,462"
05/30/2015,06/03/2015,05/09/2015,.4369,"8,079,418"
05/30/2015,06/03/2015,05/16/2015,.4553,"7,178,726"
05/30/2015,06/03/2015,05/23/2015,.4398,"7,793,587"
05/30/2015,06/03/2015,05/30/2015,.4349,"8,316,331"
05/23/2015,05/28/2015,05/23/2015,.4401,"7,749,550"
05/23/2015,05/28/2015,05/16/2015,.4553,"7,178,726"
05/23/2015,05/28/2015,05/09/2015,.4369,"8,079,418"
05/23/2015,05/28/2015,05/02/2015,.4641,"6,052,462"
05/23/2015,05/28/2015,04/25/2015,.4549,"7,935,407"
05/16/2015,05/20/2015,04/18/2015,.4556,"7,157,322"
05/16/2015,05/20/2015,04/25/2015,.4571,"7,387,388"
05/16/2015,05/20/2015,05/02/2015,.4651,"5,926,084"
05/16/2015,05/20/2015,05/09/2015,.4361,"8,167,657"
05/16/2015,05/20/2015,05/16/2015,.4542,"6,834,322"
05/09/2015,05/13/2015,05/09/2015,.4355,"8,061,707"
05/09/2015,05/13/2015,05/02/2015,.4651,"5,945,539"
05/09/2015,05/13/2015,04/25/2015,.4571,"7,387,719"
05/09/2015,05/13/2015,04/18/2015,.4558,"7,030,999"
05/09/2015,05/13/2015,04/11/2015,.4637,"7,103,602"
05/02/2015,05/06/2015,04/04/2015,.4683,"6,417,910"
05/02/2015,05/06/2015,04/11/2015,.4637,"7,103,602"
05/02/2015,05/06/2015,04/18/2015,.4558,"7,030,999"
05/02/2015,05/06/2015,04/25/2015,.4571,"7,387,719"
05/02/2015,05/06/2015,05/02/2015,.4649,"5,882,249"
04/25/2015,04/29/2015,04/25/2015,.4574,"7,299,719"
04/25/2015,04/29/2015,04/18/2015,.4558,"7,027,849"
04/25/2015,04/29/2015,04/11/2015,.4637,"7,109,602"
04/25/2015,04/29/2015,04/04/2015,.4679,"6,377,117"
04/25/2015,04/29/2015,03/28/2015,.4907,"7,100,642"
04/18/2015,04/22/2015,03/21/2015,.4673,"9,928,897"
04/18/2015,04/22/2015,03/28/2015,.4931,"6,594,906"
04/18/2015,04/22/2015,04/04/2015,.4679,"6,377,117"
04/18/2015,04/22/2015,04/11/2015,.4637,"7,109,602"
04/18/2015,04/22/2015,04/18/2015,.4562,"6,983,999"
04/11/2015,04/15/2015,04/11/2015,.4652,"6,915,233"
04/11/2015,04/15/2015,04/04/2015,.4679,"6,377,117"
04/11/2015,04/15/2015,03/28/2015,.4931,"6,594,906"
04/11/2015,04/15/2015,03/21/2015,.4668,"9,844,532"
04/11/2015,04/15/2015,03/14/2015,.4757,"7,352,576"
04/04/2015,04/08/2015,03/07/2015,.5024,"6,022,944"
04/04/2015,04/08/2015,03/14/2015,.4757,"7,353,238"
04/04/2015,04/08/2015,03/21/2015,.4668,"9,844,532"
04/04/2015,04/08/2015,03/28/2015,.4931,"6,594,906"
04/04/2015,04/08/2015,04/04/2015,.4678,"6,343,117"
03/28/2015,04/01/2015,03/28/2015,.4930,"6,572,906"
03/28/2015,04/01/2015,03/21/2015,.4668,"9,844,642"
03/28/2015,04/01/2015,03/14/2015,.4759,"7,353,236"
03/28/2015,04/01/2015,03/07/2015,.5045,"5,938,618"
03/28/2015,04/01/2015,02/28/2015,.4879,"8,619,181"
03/21/2015,03/25/2015,02/21/2015,.5117,"9,071,781"
03/21/2015,03/25/2015,02/28/2015,.4879,"8,619,181"
03/21/2015,03/25/2015,03/07/2015,.5045,"5,938,618"
03/21/2015,03/25/2015,03/14/2015,.4759,"7,353,236"
03/21/2015,03/25/2015,03/21/2015,.4668,"9,776,642"
03/14/2015,03/18/2015,03/14/2015,.4835,"6,479,236"
03/14/2015,03/18/2015,03/07/2015,.5045,"5,938,618"
03/14/2015,03/18/2015,02/28/2015,.4879,"8,619,181"
03/14/2015,03/18/2015,02/21/2015,.5117,"9,071,836"
03/14/2015,03/18/2015,02/14/2015,.5218,"7,419,031"
03/07/2015,03/11/2015,02/07/2015,.5613,"5,810,147"
03/07/2015,03/11/2015,02/14/2015,.5240,"7,292,542"
03/07/2015,03/11/2015,02/21/2015,.5117,"9,071,836"
03/07/2015,03/11/2015,02/28/2015,.4879,"8,619,181"
03/07/2015,03/11/2015,03/07/2015,.5058,"5,916,618"
02/28/2015,03/04/2015,02/28/2015,.4879,"8,619,181"
02/28/2015,03/04/2015,02/21/2015,.5115,"9,113,836"
02/28/2015,03/04/2015,02/14/2015,.5240,"7,292,542"
02/28/2015,03/04/2015,02/07/2015,.5603,"5,725,820"
02/28/2015,03/04/2015,01/31/2015,.5785,"5,184,735"
02/21/2015,02/25/2015,01/24/2015,.5767,"6,493,869"
02/21/2015,02/25/2015,01/31/2015,.5779,"5,100,568"
02/21/2015,02/25/2015,02/07/2015,.5604,"5,725,874"
02/21/2015,02/25/2015,02/14/2015,.5270,"7,444,949"
02/21/2015,02/25/2015,02/21/2015,.5106,"8,849,602"
02/14/2015,02/19/2015,02/14/2015,.5270,"7,444,949"
02/14/2015,02/19/2015,02/07/2015,.5604,"5,725,874"
02/14/2015,02/19/2015,01/31/2015,.5779,"5,100,568"
02/14/2015,02/19/2015,01/24/2015,.5763,"6,452,069"
02/14/2015,02/19/2015,01/17/2015,.5924,"7,869,120"
02/07/2015,02/11/2015,01/10/2015,.5872,"7,648,670"
02/07/2015,02/11/2015,01/17/2015,.5924,"7,869,175"
02/07/2015,02/11/2015,01/24/2015,.5765,"6,452,069"
02/07/2015,02/11/2015,01/31/2015,.5779,"5,100,568"
02/07/2015,02/11/2015,02/07/2015,.5599,"5,683,872"
01/31/2015,02/04/2015,01/31/2015,.5779,"5,100,568"
01/31/2015,02/04/2015,01/24/2015,.5855,"6,948,049"
01/31/2015,02/04/2015,01/17/2015,.5924,"7,869,175"
01/31/2015,02/04/2015,01/10/2015,.5881,"7,604,633"
01/31/2015,02/04/2015,01/03/2015,.5935,"3,380,747"
01/24/2015,01/28/2015,12/27/2014,.5866,"3,452,400"
01/24/2015,01/28/2015,01/03/2015,.5935,"3,380,858"
01/24/2015,01/28/2015,01/10/2015,.5881,"7,604,633"
01/24/2015,01/28/2015,01/17/2015,.5924,"7,869,175"
01/24/2015,01/28/2015,01/24/2015,.5852,"6,838,549"
01/17/2015,01/22/2015,01/17/2015,.5924,"7,869,175"
01/17/2015,01/22/2015,01/10/2015,.5881,"7,604,633"
01/17/2015,01/22/2015,01/03/2015,.5935,"3,380,858"
01/17/2015,01/22/2015,12/27/2014,.5866,"3,452,400"
01/17/2015,01/22/2015,12/20/2014,.5943,"6,400,243"
01/10/2015,01/14/2015,12/13/2014,.5858,"8,499,163"
01/10/2015,01/14/2015,12/20/2014,.5938,"6,444,391"
01/10/2015,01/14/2015,12/27/2014,.5866,"3,452,400"
01/10/2015,01/14/2015,01/03/2015,.5936,"3,380,858"
01/10/2015,01/14/2015,01/10/2015,.5885,"7,420,741"
01/03/2015,01/07/2015,01/03/2015,.5941,"3,290,908"
01/03/2015,01/07/2015,12/27/2014,.5866,"3,453,282"
01/03/2015,01/07/2015,12/20/2014,.5938,"6,444,391"
01/03/2015,01/07/2015,12/13/2014,.5854,"8,457,384"
01/03/2015,01/07/2015,12/06/2014,.5854,"10,354,561"
12/27/2014,12/31/2014,11/29/2014,.6211,"5,198,763"
12/27/2014,12/31/2014,12/06/2014,.5846,"10,268,469"
12/27/2014,12/31/2014,12/13/2014,.5854,"8,457,384"
12/27/2014,12/31/2014,12/20/2014,.5938,"6,444,391"
12/27/2014,12/31/2014,12/27/2014,.5866,"3,453,282"
12/20/2014,12/24/2014,12/20/2014,.5943,"6,290,395"
12/20/2014,12/24/2014,12/13/2014,.5854,"8,457,384"
12/20/2014,12/24/2014,12/06/2014,.5846,"10,268,469"
12/20/2014,12/24/2014,11/29/2014,.6218,"5,114,492"
12/20/2014,12/24/2014,11/22/2014,.6330,"7,304,004"
12/13/2014,12/17/2014,11/15/2014,.6415,"7,022,774"
12/13/2014,12/17/2014,11/22/2014,.6330,"7,304,004"
12/13/2014,12/17/2014,11/29/2014,.6218,"5,114,492"
12/13/2014,12/17/2014,12/06/2014,.5846,"10,268,469"
12/13/2014,12/17/2014,12/13/2014,.5849,"8,327,696"
12/06/2014,12/10/2014,12/06/2014,.5835,"9,977,102"
12/06/2014,12/10/2014,11/29/2014,.6219,"5,124,742"
12/06/2014,12/10/2014,11/22/2014,.6330,"7,304,054"
12/06/2014,12/10/2014,11/15/2014,.6415,"7,022,774"
12/06/2014,12/10/2014,11/08/2014,.6459,"6,860,087"
11/29/2014,12/03/2014,11/01/2014,.6414,"7,492,164"
11/29/2014,12/03/2014,11/08/2014,.6459,"6,860,087"
11/29/2014,12/03/2014,11/15/2014,.6415,"7,022,774"
11/29/2014,12/03/2014,11/22/2014,.6330,"7,304,054"
11/29/2014,12/03/2014,11/29/2014,.6218,"5,083,406"
11/22/2014,11/26/2014,11/22/2014,.6277,"7,551,092"
11/22/2014,11/26/2014,11/15/2014,.6408,"7,064,662"
11/22/2014,11/26/2014,11/08/2014,.6459,"6,860,087"
11/22/2014,11/26/2014,11/01/2014,.6414,"7,492,164"
11/22/2014,11/26/2014,10/25/2014,.6387,"7,774,858"
11/15/2014,11/19/2014,10/18/2014,.6523,"7,784,592"
11/15/2014,11/19/2014,10/25/2014,.6387,"7,774,858"
11/15/2014,11/19/2014,11/01/2014,.6414,"7,492,164"
11/15/2014,11/19/2014,11/08/2014,.6459,"6,860,087"
11/15/2014,11/19/2014,11/15/2014,.6424,"6,866,719"
11/08/2014,11/13/2014,11/08/2014,.6454,"6,818,751"
11/08/2014,11/13/2014,11/01/2014,.6414,"7,492,164"
11/08/2014,11/13/2014,10/25/2014,.6387,"7,774,858"
11/08/2014,11/13/2014,10/18/2014,.6523,"7,784,703"
11/08/2014,11/13/2014,10/11/2014,.6664,"6,937,874"
11/01/2014,11/05/2014,10/04/2014,.6662,"6,773,416"
11/01/2014,11/05/2014,10/11/2014,.6664,"6,937,929"
11/01/2014,11/05/2014,10/18/2014,.6523,"7,784,703"
11/01/2014,11/05/2014,10/25/2014,.6387,"7,774,858"
11/01/2014,11/05/2014,11/01/2014,.6417,"7,446,164"
10/25/2014,10/29/2014,10/25/2014,.6392,"7,683,060"
10/25/2014,10/29/2014,10/18/2014,.6523,"7,784,703"
10/25/2014,10/29/2014,10/11/2014,.6664,"6,937,929"
10/25/2014,10/29/2014,10/04/2014,.6662,"6,773,416"
10/25/2014,10/29/2014,09/27/2014,.6686,"7,507,128"
10/18/2014,10/22/2014,09/20/2014,.6731,"7,913,482"
10/18/2014,10/22/2014,09/27/2014,.6686,"7,507,128"
10/18/2014,10/22/2014,10/04/2014,.6662,"6,773,416"
10/18/2014,10/22/2014,10/11/2014,.6665,"6,935,449"
10/18/2014,10/22/2014,10/18/2014,.6523,"7,784,703"
10/11/2014,10/16/2014,10/11/2014,.6665,"6,935,449"
10/11/2014,10/16/2014,10/04/2014,.6649,"7,024,740"
10/11/2014,10/16/2014,09/27/2014,.6686,"7,507,128"
10/11/2014,10/16/2014,09/20/2014,.6727,"7,954,507"
10/11/2014,10/16/2014,09/13/2014,.6692,"9,277,043"
10/04/2014,10/08/2014,09/06/2014,.6822,"6,894,123"
10/04/2014,10/08/2014,09/13/2014,.6689,"9,237,414"
10/04/2014,10/08/2014,09/20/2014,.6727,"7,954,507"
10/04/2014,10/08/2014,09/27/2014,.6686,"7,507,128"
10/04/2014,10/08/2014,10/04/2014,.6649,"7,024,740"
09/27/2014,10/01/2014,09/27/2014,.6675,"7,099,328"
09/27/2014,10/01/2014,09/20/2014,.6727,"7,954,507"
09/27/2014,10/01/2014,09/13/2014,.6689,"9,237,414"
09/27/2014,10/01/2014,09/06/2014,.6822,"6,894,178"
09/27/2014,10/01/2014,08/30/2014,.6872,"7,156,013"
09/20/2014,09/24/2014,08/23/2014,.6747,"8,013,781"
09/20/2014,09/24/2014,08/30/2014,.6872,"7,156,068"
09/20/2014,09/24/2014,09/06/2014,.6822,"6,894,178"
09/20/2014,09/24/2014,09/13/2014,.6689,"9,237,414"
09/20/2014,09/24/2014,09/20/2014,.6729,"7,736,515"
09/13/2014,09/17/2014,09/13/2014,.6690,"9,105,564"
09/13/2014,09/17/2014,09/06/2014,.6822,"6,894,278"
09/13/2014,09/17/2014,08/30/2014,.6872,"7,156,068"
09/13/2014,09/17/2014,08/23/2014,.6747,"8,013,781"
09/13/2014,09/17/2014,08/16/2014,.6877,"8,018,594"
09/06/2014,09/10/2014,08/09/2014,.6972,"7,589,827"
09/06/2014,09/10/2014,08/16/2014,.6877,"8,018,594"
09/06/2014,09/10/2014,08/23/2014,.6743,"7,971,781"
09/06/2014,09/10/2014,08/30/2014,.6872,"7,156,068"
09/06/2014,09/10/2014,09/06/2014,.6818,"6,847,814"
08/30/2014,09/04/2014,08/30/2014,.6874,"7,114,068"
08/30/2014,09/04/2014,08/23/2014,.6743,"7,971,781"
08/30/2014,09/04/2014,08/16/2014,.6885,"7,914,592"
08/30/2014,09/04/2014,08/09/2014,.6972,"7,589,827"
08/30/2014,09/04/2014,08/02/2014,.6934,"7,643,188"
08/23/2014,08/27/2014,07/26/2014,.6891,"8,845,522"
08/23/2014,08/27/2014,08/02/2014,.6934,"7,605,048"
08/23/2014,08/27/2014,08/09/2014,.6969,"7,505,944"
08/23/2014,08/27/2014,08/16/2014,.6885,"7,914,592"
08/23/2014,08/27/2014,08/23/2014,.6740,"7,683,789"
08/16/2014,08/20/2014,08/16/2014,.6884,"7,766,750"
08/16/2014,08/20/2014,08/09/2014,.6969,"7,505,944"
08/16/2014,08/20/2014,08/02/2014,.6934,"7,605,158"
08/16/2014,08/20/2014,07/26/2014,.6891,"8,845,522"
08/16/2014,08/20/2014,07/19/2014,.6864,"8,201,656"
08/09/2014,08/13/2014,07/12/2014,.6877,"8,713,265"
08/09/2014,08/13/2014,07/19/2014,.6864,"8,201,712"
08/09/2014,08/13/2014,07/26/2014,.6888,"8,761,379"
08/09/2014,08/13/2014,08/02/2014,.6929,"7,392,965"
08/09/2014,08/13/2014,08/09/2014,.6971,"7,456,294"
08/02/2014,08/06/2014,08/02/2014,.6929,"7,392,965"
08/02/2014,08/06/2014,07/26/2014,.6888,"8,761,379"
08/02/2014,08/06/2014,07/19/2014,.6864,"8,201,767"
08/02/2014,08/06/2014,07/12/2014,.6877,"8,713,265"
08/02/2014,08/06/2014,07/05/2014,.6944,"5,923,092"
07/26/2014,07/30/2014,06/28/2014,.6826,"8,076,333"
07/26/2014,07/30/2014,07/05/2014,.6944,"5,923,092"
07/26/2014,07/30/2014,07/12/2014,.6877,"8,671,212"
07/26/2014,07/30/2014,07/19/2014,.6869,"7,981,968"
07/26/2014,07/30/2014,07/26/2014,.6886,"8,537,679"
07/19/2014,07/23/2014,07/19/2014,.6869,"7,979,968"
07/19/2014,07/23/2014,07/12/2014,.6877,"8,671,212"
07/19/2014,07/23/2014,07/05/2014,.6944,"5,923,092"
07/19/2014,07/23/2014,06/28/2014,.6826,"8,076,333"
07/19/2014,07/23/2014,06/21/2014,.6791,"9,000,481"
07/12/2014,07/16/2014,06/14/2014,.6768,"6,892,467"
07/12/2014,07/16/2014,06/21/2014,.6793,"9,088,481"
07/12/2014,07/16/2014,06/28/2014,.6828,"8,163,083"
07/12/2014,07/16/2014,07/05/2014,.6944,"5,967,092"
07/12/2014,07/16/2014,07/12/2014,.6876,"8,739,512"
07/05/2014,07/09/2014,07/05/2014,.6942,"5,923,192"
07/05/2014,07/09/2014,06/28/2014,.6828,"8,163,413"
07/05/2014,07/09/2014,06/21/2014,.6790,"8,962,102"
07/05/2014,07/09/2014,06/14/2014,.6766,"6,853,060"
07/05/2014,07/09/2014,06/07/2014,.6776,"8,741,576"
06/28/2014,07/02/2014,05/31/2014,.6735,"8,031,366"
06/28/2014,07/02/2014,06/07/2014,.6767,"8,528,676"
06/28/2014,07/02/2014,06/14/2014,.6766,"6,853,060"
06/28/2014,07/02/2014,06/21/2014,.6790,"8,962,102"
06/28/2014,07/02/2014,06/28/2014,.6831,"8,075,563"
06/21/2014,06/25/2014,06/21/2014,.6795,"8,670,085"
06/21/2014,06/25/2014,06/14/2014,.6766,"6,853,060"
06/21/2014,06/25/2014,06/07/2014,.6767,"8,528,676"
06/21/2014,06/25/2014,05/31/2014,.6735,"8,031,366"
06/21/2014,06/25/2014,05/24/2014,.6812,"8,781,006"
06/14/2014,06/18/2014,05/17/2014,.6722,"8,780,035"
06/14/2014,06/18/2014,05/24/2014,.6807,"8,570,191"
06/14/2014,06/18/2014,05/31/2014,.6735,"8,031,366"
06/14/2014,06/18/2014,06/07/2014,.6767,"8,528,676"
06/14/2014,06/18/2014,06/14/2014,.6767,"6,612,310"
06/07/2014,06/11/2014,06/07/2014,.6769,"8,393,226"
06/07/2014,06/11/2014,05/31/2014,.6735,"8,031,366"
06/07/2014,06/11/2014,05/24/2014,.6807,"8,570,521"
06/07/2014,06/11/2014,05/17/2014,.6722,"8,780,090"
06/07/2014,06/11/2014,05/10/2014,.6724,"9,506,902"
05/31/2014,06/04/2014,05/03/2014,.6751,"8,212,183"
05/31/2014,06/04/2014,05/10/2014,.6724,"9,464,402"
05/31/2014,06/04/2014,05/17/2014,.6724,"8,907,590"
05/31/2014,06/04/2014,05/24/2014,.6806,"8,448,021"
05/31/2014,06/04/2014,05/31/2014,.6724,"7,861,366"
05/24/2014,05/29/2014,05/24/2014,.6808,"8,224,028"
05/24/2014,05/29/2014,05/17/2014,.6724,"8,907,590"
05/24/2014,05/29/2014,05/10/2014,.6721,"9,424,719"
05/24/2014,05/29/2014,05/03/2014,.6751,"8,212,183"
05/24/2014,05/29/2014,04/26/2014,.6873,"7,398,131"
05/17/2014,05/21/2014,04/19/2014,.6791,"7,306,646"
05/17/2014,05/21/2014,04/26/2014,.6873,"7,398,131"
05/17/2014,05/21/2014,05/03/2014,.6751,"8,212,237"
05/17/2014,05/21/2014,05/10/2014,.6721,"9,424,719"
05/17/2014,05/21/2014,05/17/2014,.6727,"8,775,747"
05/10/2014,05/14/2014,05/10/2014,.6717,"9,268,017"
05/10/2014,05/14/2014,05/03/2014,.6751,"8,212,237"
05/10/2014,05/14/2014,04/26/2014,.6873,"7,354,039"
05/10/2014,05/14/2014,04/19/2014,.6791,"7,306,646"
05/10/2014,05/14/2014,04/12/2014,.6708,"6,344,515"
05/03/2014,05/07/2014,04/05/2014,.6715,"7,304,986"
05/03/2014,05/07/2014,04/12/2014,.6708,"6,344,515"
05/03/2014,05/07/2014,04/19/2014,.6791,"7,306,646"
05/03/2014,05/07/2014,04/26/2014,.6873,"7,354,039"
05/03/2014,05/07/2014,05/03/2014,.6752,"8,168,437"
04/26/2014,04/30/2014,04/26/2014,.6872,"7,312,703"
04/26/2014,04/30/2014,04/19/2014,.6791,"7,306,646"
04/26/2014,04/30/2014,04/12/2014,.6707,"6,303,179"
04/26/2014,04/30/2014,04/05/2014,.6715,"7,304,986"
04/26/2014,04/30/2014,03/29/2014,.6672,"6,819,613"
04/19/2014,04/23/2014,03/22/2014,.6546,"6,864,945"
04/19/2014,04/23/2014,03/29/2014,.6672,"6,819,613"
04/19/2014,04/23/2014,04/05/2014,.6708,"7,088,384"
04/19/2014,04/23/2014,04/12/2014,.6707,"6,303,179"
04/19/2014,04/23/2014,04/19/2014,.6790,"7,270,696"
04/12/2014,04/16/2014,04/12/2014,.6718,"6,081,479"
04/12/2014,04/16/2014,04/05/2014,.6708,"7,088,384"
04/12/2014,04/16/2014,03/29/2014,.6672,"6,819,633"
04/12/2014,04/16/2014,03/22/2014,.6546,"6,865,000"
04/12/2014,04/16/2014,03/15/2014,.6510,"6,444,304"
04/05/2014,04/09/2014,03/08/2014,.6483,"6,321,812"
04/05/2014,04/09/2014,03/15/2014,.6507,"6,528,254"
04/05/2014,04/09/2014,03/22/2014,.6546,"6,865,000"
04/05/2014,04/09/2014,03/29/2014,.6672,"6,819,633"
04/05/2014,04/09/2014,04/05/2014,.6710,"7,024,434"
03/29/2014,04/02/2014,03/29/2014,.6672,"6,807,137"
03/29/2014,04/02/2014,03/22/2014,.6546,"6,865,000"
03/29/2014,04/02/2014,03/15/2014,.6507,"6,528,254"
03/29/2014,04/02/2014,03/08/2014,.6483,"6,321,812"
03/29/2014,04/02/2014,03/01/2014,.6439,"6,839,370"
03/22/2014,03/26/2014,02/22/2014,.6348,"6,033,690"
03/22/2014,03/26/2014,03/01/2014,.6439,"6,839,370"
03/22/2014,03/26/2014,03/08/2014,.6483,"6,321,812"
03/22/2014,03/26/2014,03/15/2014,.6507,"6,528,254"
03/22/2014,03/26/2014,03/22/2014,.6546,"6,865,000"
03/15/2014,03/19/2014,03/15/2014,.6506,"6,510,617"
03/15/2014,03/19/2014,03/08/2014,.6483,"6,321,812"
03/15/2014,03/19/2014,03/01/2014,.6434,"6,883,370"
03/15/2014,03/19/2014,02/22/2014,.6348,"6,033,690"
03/15/2014,03/19/2014,02/15/2014,.6290,"5,624,747"
03/08/2014,03/12/2014,02/08/2014,.6202,"6,783,268"
03/08/2014,03/12/2014,02/15/2014,.6290,"5,624,747"
03/08/2014,03/12/2014,02/22/2014,.6348,"6,033,690"
03/08/2014,03/12/2014,03/01/2014,.6434,"6,883,370"
03/08/2014,03/12/2014,03/08/2014,.6481,"6,078,308"
03/01/2014,03/05/2014,03/01/2014,.6425,"6,669,670"
03/01/2014,03/05/2014,02/22/2014,.6347,"5,992,409"
03/01/2014,03/05/2014,02/15/2014,.6283,"5,540,421"
03/01/2014,03/05/2014,02/08/2014,.6202,"6,783,268"
03/01/2014,03/05/2014,02/01/2014,.6137,"7,238,857"
02/22/2014,02/26/2014,01/25/2014,.6092,"7,511,611"
02/22/2014,02/26/2014,02/01/2014,.6137,"7,238,857"
02/22/2014,02/26/2014,02/08/2014,.6202,"6,783,268"
02/22/2014,02/26/2014,02/15/2014,.6283,"5,540,421"
02/22/2014,02/26/2014,02/22/2014,.6345,"5,948,559"
02/15/2014,02/20/2014,02/15/2014,.6283,"5,540,421"
02/15/2014,02/20/2014,02/08/2014,.6202,"6,783,268"
02/15/2014,02/20/2014,02/01/2014,.6137,"7,238,857"
02/15/2014,02/20/2014,01/25/2014,.6092,"7,511,611"
02/15/2014,02/20/2014,01/18/2014,.5956,"6,776,690"
02/08/2014,02/12/2014,01/11/2014,.5926,"6,143,879"
02/08/2014,02/12/2014,01/18/2014,.5956,"6,776,690"
02/08/2014,02/12/2014,01/25/2014,.6092,"7,511,611"
02/08/2014,02/12/2014,02/01/2014,.6137,"7,238,857"
02/08/2014,02/12/2014,02/08/2014,.6200,"6,691,268"
02/01/2014,02/05/2014,02/01/2014,.6136,"7,190,857"
02/01/2014,02/05/2014,01/25/2014,.6089,"7,470,275"
02/01/2014,02/05/2014,01/18/2014,.5956,"6,776,690"
02/01/2014,02/05/2014,01/11/2014,.5926,"6,143,879"
02/01/2014,02/05/2014,01/04/2014,.5978,"4,395,457"
01/25/2014,01/29/2014,12/28/2013,.5720,"5,924,237"
01/25/2014,01/29/2014,01/04/2014,.5978,"4,395,457"
01/25/2014,01/29/2014,01/11/2014,.5926,"6,143,879"
01/25/2014,01/29/2014,01/18/2014,.5956,"6,776,690"
01/25/2014,01/29/2014,01/25/2014,.6087,"7,382,325"
01/18/2014,01/23/2014,01/18/2014,.5950,"6,694,017"
01/18/2014,01/23/2014,01/11/2014,.5926,"6,143,879"
01/18/2014,01/23/2014,01/04/2014,.5978,"4,395,457"
01/18/2014,01/23/2014,12/28/2013,.5720,"5,924,237"
01/18/2014,01/23/2014,12/21/2013,.5758,"8,523,708"
01/11/2014,01/15/2014,12/14/2013,.5750,"7,799,761"
01/11/2014,01/15/2014,12/21/2013,.5758,"8,523,708"
01/11/2014,01/15/2014,12/28/2013,.5720,"5,924,237"
01/11/2014,01/15/2014,01/04/2014,.5978,"4,395,457"
01/11/2014,01/15/2014,01/11/2014,.5928,"6,006,029"
01/04/2014,01/08/2014,01/04/2014,.5975,"4,351,557"
01/04/2014,01/08/2014,12/28/2013,.5720,"5,924,237"
01/04/2014,01/08/2014,12/21/2013,.5758,"8,523,708"
01/04/2014,01/08/2014,12/14/2013,.5750,"7,799,761"
01/04/2014,01/08/2014,12/07/2013,.5592,"7,082,107"
12/28/2013,01/02/2014,11/30/2013,.5923,"4,550,121"
12/28/2013,01/02/2014,12/07/2013,.5592,"7,082,107"
12/28/2013,01/02/2014,12/14/2013,.5745,"7,716,529"
12/28/2013,01/02/2014,12/21/2013,.5757,"8,523,708"
12/28/2013,01/02/2014,12/28/2013,.5716,"6,616,960"
12/21/2013,12/26/2013,12/21/2013,.5761,"8,348,308"
12/21/2013,12/26/2013,12/14/2013,.5744,"7,671,529"
12/21/2013,12/26/2013,12/07/2013,.5592,"7,082,107"
12/21/2013,12/26/2013,11/30/2013,.5923,"4,550,121"
12/21/2013,12/26/2013,11/23/2013,.5940,"6,328,414"
12/14/2013,12/18/2013,11/16/2013,.5779,"5,852,689"
12/14/2013,12/18/2013,11/23/2013,.5940,"6,328,414"
12/14/2013,12/18/2013,11/30/2013,.5923,"4,550,121"
12/14/2013,12/18/2013,12/07/2013,.5592,"7,082,107"
12/14/2013,12/18/2013,12/14/2013,.5742,"7,533,679"
12/07/2013,12/11/2013,12/07/2013,.5586,"6,964,357"
12/07/2013,12/11/2013,11/30/2013,.5926,"4,550,121"
12/07/2013,12/11/2013,11/23/2013,.5940,"6,328,414"
12/07/2013,12/11/2013,11/16/2013,.5779,"5,852,689"
12/07/2013,12/11/2013,11/09/2013,.5724,"5,751,212"
11/30/2013,12/04/2013,11/02/2013,.5800,"6,304,542"
11/30/2013,12/04/2013,11/09/2013,.5724,"5,751,212"
11/30/2013,12/04/2013,11/16/2013,.5779,"5,852,689"
11/30/2013,12/04/2013,11/23/2013,.5940,"6,328,414"
11/30/2013,12/04/2013,11/30/2013,.5930,"4,422,171"
11/23/2013,11/27/2013,11/23/2013,.5942,"6,096,810"
11/23/2013,11/27/2013,11/16/2013,.5775,"5,811,353"
11/23/2013,11/27/2013,11/09/2013,.5724,"5,751,212"
11/23/2013,11/27/2013,11/02/2013,.5800,"6,304,542"
11/23/2013,11/27/2013,10/26/2013,.5604,"8,834,536"
11/16/2013,11/20/2013,10/19/2013,.5713,"6,998,738"
11/16/2013,11/20/2013,10/26/2013,.5604,"8,834,536"
11/16/2013,11/20/2013,11/02/2013,.5800,"6,304,542"
11/16/2013,11/20/2013,11/09/2013,.5724,"5,751,212"
11/16/2013,11/20/2013,11/16/2013,.5774,"5,769,353"
11/09/2013,11/14/2013,11/09/2013,.5724,"5,751,212"
11/09/2013,11/14/2013,11/02/2013,.5800,"6,304,542"
11/09/2013,11/14/2013,10/26/2013,.5604,"8,834,536"
11/09/2013,11/14/2013,10/19/2013,.5713,"6,998,738"
11/09/2013,11/14/2013,10/12/2013,.5802,0
11/02/2013,11/06/2013,10/05/2013,.5805,0
11/02/2013,11/06/2013,10/12/2013,.5802,0
11/02/2013,11/06/2013,10/19/2013,.5713,"6,998,738"
11/02/2013,11/06/2013,10/26/2013,.5604,"8,834,536"
11/02/2013,11/06/2013,11/02/2013,.5796,"6,216,542"
10/26/2013,10/30/2013,10/26/2013,.5604,"8,834,757"
10/26/2013,10/30/2013,10/19/2013,.5713,"6,998,738"
10/26/2013,10/30/2013,10/12/2013,.5802,0
10/26/2013,10/30/2013,10/05/2013,.5805,0
10/26/2013,10/30/2013,09/28/2013,.5803,0
10/19/2013,10/23/2013,09/21/2013,.5823,"7,296,215"
10/19/2013,10/23/2013,09/28/2013,.5803,0
10/19/2013,10/23/2013,10/05/2013,.5805,0
10/19/2013,10/23/2013,10/12/2013,.5802,0
10/19/2013,10/23/2013,10/19/2013,.5711,"6,920,888"
10/12/2013,10/23/2013,10/12/2013,.5802,0
10/12/2013,10/23/2013,10/05/2013,.5805,0
10/12/2013,10/23/2013,09/28/2013,.5803,0
10/12/2013,10/23/2013,09/21/2013,.5823,"7,296,215"
10/12/2013,10/23/2013,09/14/2013,.5753,"8,265,441"
10/05/2013,10/23/2013,09/07/2013,.5785,"4,877,699"
10/05/2013,10/23/2013,09/14/2013,.5753,"8,265,441"
10/05/2013,10/23/2013,09/21/2013,.5823,"7,296,215"
10/05/2013,10/23/2013,09/28/2013,.5803,0
10/05/2013,10/23/2013,10/05/2013,.5805,0
09/28/2013,10/23/2013,09/28/2013,.5803,0
09/28/2013,10/23/2013,09/21/2013,.5823,"7,296,215"
09/28/2013,10/23/2013,09/14/2013,.5753,"8,265,441"
09/28/2013,10/23/2013,09/07/2013,.5785,"4,877,699"
09/28/2013,10/23/2013,08/31/2013,.5741,"7,736,712"
09/21/2013,09/25/2013,08/24/2013,.5828,"8,228,168"
09/21/2013,09/25/2013,08/31/2013,.5741,"7,736,712"
09/21/2013,09/25/2013,09/07/2013,.5785,"4,877,699"
09/21/2013,09/25/2013,09/14/2013,.5753,"8,265,441"
09/21/2013,09/25/2013,09/21/2013,.5823,"7,296,215"
09/14/2013,09/18/2013,09/14/2013,.5794,"7,973,524"
09/14/2013,09/18/2013,09/07/2013,.5785,"4,877,699"
09/14/2013,09/18/2013,08/31/2013,.5741,"7,695,120"
09/14/2013,09/18/2013,08/24/2013,.5828,"8,227,168"
09/14/2013,09/18/2013,08/17/2013,.5762,"9,176,217"
09/07/2013,09/11/2013,08/10/2013,.5735,"8,539,629"
09/07/2013,09/11/2013,08/17/2013,.5762,"9,176,217"
09/07/2013,09/11/2013,08/24/2013,.5829,"8,260,268"
09/07/2013,09/11/2013,08/31/2013,.5741,"7,695,120"
09/07/2013,09/11/2013,09/07/2013,.5782,"4,789,949"
08/31/2013,09/05/2013,08/31/2013,.5740,"7,675,120"
08/31/2013,09/05/2013,08/24/2013,.5829,"8,260,268"
08/31/2013,09/05/2013,08/17/2013,.5762,"9,176,217"
08/31/2013,09/05/2013,08/10/2013,.5735,"8,539,629"
08/31/2013,09/05/2013,08/03/2013,.5833,"6,784,531"
08/24/2013,08/28/2013,07/27/2013,.5793,"8,493,888"
08/24/2013,08/28/2013,08/03/2013,.5831,"6,823,552"
08/24/2013,08/28/2013,08/10/2013,.5734,"8,573,911"
08/24/2013,08/28/2013,08/17/2013,.5762,"9,176,217"
08/24/2013,08/28/2013,08/24/2013,.5829,"8,260,268"
08/17/2013,08/21/2013,08/17/2013,.5762,"9,176,217"
08/17/2013,08/21/2013,08/10/2013,.5741,"8,573,911"
08/17/2013,08/21/2013,08/03/2013,.5831,"6,823,552"
08/17/2013,08/21/2013,07/27/2013,.5793,"8,494,163"
08/17/2013,08/21/2013,07/20/2013,.5825,"8,088,870"
08/10/2013,08/14/2013,07/13/2013,.5737,"9,204,516"
08/10/2013,08/14/2013,07/20/2013,.5822,"8,046,170"
08/10/2013,08/14/2013,07/27/2013,.5793,"8,494,163"
08/10/2013,08/14/2013,08/03/2013,.5831,"6,823,552"
08/10/2013,08/14/2013,08/10/2013,.5741,"8,380,011"
08/03/2013,08/07/2013,08/03/2013,.5835,"6,779,652"
08/03/2013,08/07/2013,07/27/2013,.5793,"8,494,163"
08/03/2013,08/07/2013,07/20/2013,.5822,"8,046,170"
08/03/2013,08/07/2013,07/13/2013,.5737,"9,204,516"
08/03/2013,08/07/2013,07/06/2013,.5895,"6,393,408"
07/27/2013,07/31/2013,06/29/2013,.5717,"9,471,982"
07/27/2013,07/31/2013,07/06/2013,.5895,"6,393,408"
07/27/2013,07/31/2013,07/13/2013,.5737,"9,204,516"
07/27/2013,07/31/2013,07/20/2013,.5822,"8,046,170"
07/27/2013,07/31/2013,07/27/2013,.5791,"8,494,163"
07/20/2013,07/24/2013,07/20/2013,.5835,"7,998,820"
07/20/2013,07/24/2013,07/13/2013,.5737,"9,204,516"
07/20/2013,07/24/2013,07/06/2013,.5820,"5,962,248"
07/20/2013,07/24/2013,06/29/2013,.5717,"9,471,982"
07/20/2013,07/24/2013,06/22/2013,.5822,"8,457,643"
07/13/2013,07/17/2013,06/15/2013,.5739,"8,095,211"
07/13/2013,07/17/2013,06/22/2013,.5822,"8,457,919"
07/13/2013,07/17/2013,06/29/2013,.5717,"9,471,982"
07/13/2013,07/17/2013,07/06/2013,.5821,"5,962,248"
07/13/2013,07/17/2013,07/13/2013,.5735,"9,032,066"
07/06/2013,07/10/2013,07/06/2013,.5818,"6,006,248"
07/06/2013,07/10/2013,06/29/2013,.5717,"9,471,982"
07/06/2013,07/10/2013,06/22/2013,.5822,"8,413,919"
07/06/2013,07/10/2013,06/15/2013,.5739,"8,095,211"
07/06/2013,07/10/2013,06/08/2013,.5680,"8,282,578"
06/29/2013,07/03/2013,06/01/2013,.5815,"7,499,456"
06/29/2013,07/03/2013,06/08/2013,.5680,"8,282,578"
06/29/2013,07/03/2013,06/15/2013,.5739,"8,095,211"
06/29/2013,07/03/2013,06/22/2013,.5822,"8,413,919"
06/29/2013,07/03/2013,06/29/2013,.5712,"9,252,982"
06/22/2013,06/26/2013,06/22/2013,.5864,"8,792,376"
06/22/2013,06/26/2013,06/15/2013,.5739,"8,095,211"
06/22/2013,06/26/2013,06/08/2013,.5680,"8,282,578"
06/22/2013,06/26/2013,06/01/2013,.5815,"7,499,456"
06/22/2013,06/26/2013,05/25/2013,.5737,"9,317,743"
06/15/2013,06/19/2013,05/18/2013,.5717,"8,025,240"
06/15/2013,06/19/2013,05/25/2013,.5737,"9,317,743"
06/15/2013,06/19/2013,06/01/2013,.5815,"7,499,456"
06/15/2013,06/19/2013,06/08/2013,.5680,"8,282,578"
06/15/2013,06/19/2013,06/15/2013,.5742,"7,934,618"
06/08/2013,06/12/2013,06/08/2013,.5682,"8,145,649"
06/08/2013,06/12/2013,06/01/2013,.5815,"7,499,456"
06/08/2013,06/12/2013,05/25/2013,.5738,"9,317,798"
06/08/2013,06/12/2013,05/18/2013,.5717,"8,025,240"
06/08/2013,06/12/2013,05/11/2013,.5768,"6,244,486"
06/01/2013,06/05/2013,05/04/2013,.5796,"8,448,156"
06/01/2013,06/05/2013,05/11/2013,.5768,"6,244,486"
06/01/2013,06/05/2013,05/18/2013,.5717,"8,025,240"
06/01/2013,06/05/2013,05/25/2013,.5738,"9,317,909"
06/01/2013,06/05/2013,06/01/2013,.5813,"7,427,606"
05/25/2013,05/30/2013,05/25/2013,.5742,"9,241,959"
05/25/2013,05/30/2013,05/18/2013,.5717,"8,025,240"
05/25/2013,05/30/2013,05/11/2013,.5768,"6,244,486"
05/25/2013,05/30/2013,05/04/2013,.5796,"8,448,156"
05/25/2013,05/30/2013,04/27/2013,.5648,"9,052,006"
05/18/2013,05/22/2013,04/20/2013,.5766,"8,391,731"
05/18/2013,05/22/2013,04/27/2013,.5648,"9,052,006"
05/18/2013,05/22/2013,05/04/2013,.5796,"8,448,156"
05/18/2013,05/22/2013,05/11/2013,.5768,"6,244,486"
05/18/2013,05/22/2013,05/18/2013,.5720,"7,981,340"
05/11/2013,05/15/2013,05/11/2013,.5776,"6,068,636"
05/11/2013,05/15/2013,05/04/2013,.5796,"8,448,156"
05/11/2013,05/15/2013,04/27/2013,.5648,"9,052,006"
05/11/2013,05/15/2013,04/20/2013,.5766,"8,391,731"
05/11/2013,05/15/2013,04/13/2013,.5703,"6,579,573"
05/04/2013,05/08/2013,04/06/2013,.5866,"6,874,972"
05/04/2013,05/08/2013,04/13/2013,.5703,"6,579,575"
05/04/2013,05/08/2013,04/20/2013,.5766,"8,391,740"
05/04/2013,05/08/2013,04/27/2013,.5648,"9,052,007"
05/04/2013,05/08/2013,05/04/2013,.5809,"8,276,788"
04/27/2013,05/01/2013,04/27/2013,.5650,"8,921,915"
04/27/2013,05/01/2013,04/20/2013,.5766,"8,306,368"
04/27/2013,05/01/2013,04/13/2013,.5703,"6,576,818"
04/27/2013,05/01/2013,04/06/2013,.5866,"6,874,972"
04/27/2013,05/01/2013,03/30/2013,.5796,"9,027,843"
04/20/2013,04/24/2013,03/23/2013,.5912,"7,101,544"
04/20/2013,04/24/2013,03/30/2013,.5796,"9,027,843"
04/20/2013,04/24/2013,04/06/2013,.5867,"6,833,636"
04/20/2013,04/24/2013,04/13/2013,.5703,"6,576,818"
04/20/2013,04/24/2013,04/20/2013,.5766,"8,306,368"
04/13/2013,04/17/2013,04/13/2013,.5721,"6,379,168"
04/13/2013,04/17/2013,04/06/2013,.5867,"6,833,636"
04/13/2013,04/17/2013,03/30/2013,.5797,"9,070,343"
04/13/2013,04/17/2013,03/23/2013,.5912,"7,101,544"
04/13/2013,04/17/2013,03/16/2013,.6106,"7,087,421"
04/06/2013,04/10/2013,03/09/2013,.6081,"7,594,079"
04/06/2013,04/10/2013,03/16/2013,.6110,"7,043,329"
04/06/2013,04/10/2013,03/23/2013,.5912,"7,101,544"
04/06/2013,04/10/2013,03/30/2013,.5797,"9,070,343"
04/06/2013,04/10/2013,04/06/2013,.5873,"6,713,056"
03/30/2013,04/03/2013,03/30/2013,.5816,"8,482,983"
03/30/2013,04/03/2013,03/23/2013,.5912,"7,101,544"
03/30/2013,04/03/2013,03/16/2013,.6110,"7,043,329"
03/30/2013,04/03/2013,03/09/2013,.6081,"7,594,079"
03/30/2013,04/03/2013,03/02/2013,.6350,"7,391,111"
03/23/2013,03/27/2013,02/23/2013,.6299,"7,905,540"
03/23/2013,03/27/2013,03/02/2013,.6350,"7,391,111"
03/23/2013,03/27/2013,03/09/2013,.6081,"7,594,079"
03/23/2013,03/27/2013,03/16/2013,.6110,"7,043,329"
03/23/2013,03/27/2013,03/23/2013,.5916,"7,049,544"
03/16/2013,03/20/2013,03/16/2013,.6109,"6,992,829"
03/16/2013,03/20/2013,03/09/2013,.6081,"7,594,079"
03/16/2013,03/20/2013,03/02/2013,.6350,"7,391,111"
03/16/2013,03/20/2013,02/23/2013,.6299,"7,905,540"
03/16/2013,03/20/2013,02/16/2013,.6342,"7,125,724"
03/09/2013,03/13/2013,02/09/2013,.6461,"6,502,246"
03/09/2013,03/13/2013,02/16/2013,.6342,"7,125,889"
03/09/2013,03/13/2013,02/23/2013,.6302,"7,948,290"
03/09/2013,03/13/2013,03/02/2013,.6350,"7,391,166"
03/09/2013,03/13/2013,03/09/2013,.6080,"7,554,079"
03/02/2013,03/06/2013,03/02/2013,.6351,"7,135,074"
03/02/2013,03/06/2013,02/23/2013,.6302,"7,948,290"
03/02/2013,03/06/2013,02/16/2013,.6342,"7,125,889"
03/02/2013,03/06/2013,02/09/2013,.6461,"6,502,246"
03/02/2013,03/06/2013,02/02/2013,.6475,"7,433,732"
02/23/2013,02/27/2013,01/26/2013,.6536,"7,488,478"
02/23/2013,02/27/2013,02/02/2013,.6475,"7,433,620"
02/23/2013,02/27/2013,02/09/2013,.6461,"6,502,189"
02/23/2013,02/27/2013,02/16/2013,.6342,"7,125,889"
02/23/2013,02/27/2013,02/23/2013,.6305,"7,739,873"
02/16/2013,02/21/2013,02/16/2013,.6342,"7,125,889"
02/16/2013,02/21/2013,02/09/2013,.6461,"6,502,189"
02/16/2013,02/21/2013,02/02/2013,.6475,"7,433,620"
02/16/2013,02/21/2013,01/26/2013,.6536,"7,488,478"
02/16/2013,02/21/2013,01/19/2013,.6437,"9,355,092"
02/09/2013,02/13/2013,01/12/2013,.6560,"8,249,735"
02/09/2013,02/13/2013,01/19/2013,.6437,"9,355,092"
02/09/2013,02/13/2013,01/26/2013,.6536,"7,488,478"
02/09/2013,02/13/2013,02/02/2013,.6475,"7,433,620"
02/09/2013,02/13/2013,02/09/2013,.6466,"6,430,239"
02/02/2013,02/06/2013,02/02/2013,.6476,"7,437,620"
02/02/2013,02/06/2013,01/26/2013,.6536,"7,488,478"
02/02/2013,02/06/2013,01/19/2013,.6437,"9,355,092"
02/02/2013,02/06/2013,01/12/2013,.6562,"8,291,735"
02/02/2013,02/06/2013,01/05/2013,.6477,"4,755,312"
01/26/2013,01/30/2013,12/29/2012,.6579,"5,840,570"
01/26/2013,01/30/2013,01/05/2013,.6477,"4,755,312"
01/26/2013,01/30/2013,01/12/2013,.6562,"8,291,735"
01/26/2013,01/30/2013,01/19/2013,.6437,"9,355,092"
01/26/2013,01/30/2013,01/26/2013,.6539,"7,317,906"
01/19/2013,01/24/2013,01/19/2013,.6449,"9,084,454"
01/19/2013,01/24/2013,01/12/2013,.6571,"8,244,956"
01/19/2013,01/24/2013,01/05/2013,.6484,"4,742,892"
01/19/2013,01/24/2013,12/29/2012,.6579,"5,840,570"
01/19/2013,01/24/2013,12/22/2012,.6673,"7,725,478"
01/12/2013,01/16/2013,12/15/2012,.6544,"7,175,641"
01/12/2013,01/16/2013,12/22/2012,.6673,"7,725,478"
01/12/2013,01/16/2013,12/29/2012,.6579,"5,840,570"
01/12/2013,01/16/2013,01/05/2013,.6484,"4,742,892"
01/12/2013,01/16/2013,01/12/2013,.6566,"8,161,620"
01/05/2013,01/09/2013,01/05/2013,.6482,"4,702,892"
01/05/2013,01/09/2013,12/29/2012,.6579,"5,840,570"
01/05/2013,01/09/2013,12/22/2012,.6673,"7,725,478"
01/05/2013,01/09/2013,12/15/2012,.6544,"7,175,641"
01/05/2013,01/09/2013,12/08/2012,.6632,"7,260,769"
12/29/2012,01/03/2013,12/01/2012,.6577,"7,954,423"
12/29/2012,01/03/2013,12/08/2012,.6632,"7,260,769"
12/29/2012,01/03/2013,12/15/2012,.6544,"7,175,641"
12/29/2012,01/03/2013,12/22/2012,.6673,"7,725,478"
12/29/2012,01/03/2013,12/29/2012,.6579,"5,840,570"
12/22/2012,12/27/2012,12/22/2012,.6678,"7,430,335"
12/22/2012,12/27/2012,12/15/2012,.6544,"7,175,641"
12/22/2012,12/27/2012,12/08/2012,.6632,"7,260,769"
12/22/2012,12/27/2012,12/01/2012,.6577,"7,954,588"
12/22/2012,12/27/2012,11/24/2012,.6538,"6,734,987"
12/15/2012,12/19/2012,11/17/2012,.6478,"8,625,604"
12/15/2012,12/19/2012,11/24/2012,.6538,"6,734,987"
12/15/2012,12/19/2012,12/01/2012,.6577,"7,954,588"
12/15/2012,12/19/2012,12/08/2012,.6632,"7,260,769"
12/15/2012,12/19/2012,12/15/2012,.6541,"6,823,941"
12/08/2012,12/12/2012,12/08/2012,.6632,"7,231,269"
12/08/2012,12/12/2012,12/01/2012,.6577,"7,997,338"
12/08/2012,12/12/2012,11/24/2012,.6537,"6,777,487"
12/08/2012,12/12/2012,11/17/2012,.6477,"8,668,354"
12/08/2012,12/12/2012,11/10/2012,.6415,"7,369,511"
12/01/2012,12/05/2012,11/03/2012,.6384,"6,095,843"
12/01/2012,12/05/2012,11/10/2012,.6415,"7,369,511"
12/01/2012,12/05/2012,11/17/2012,.6477,"8,668,575"
12/01/2012,12/05/2012,11/24/2012,.6537,"6,778,148"
12/01/2012,12/05/2012,12/01/2012,.6570,"7,789,438"
11/24/2012,11/28/2012,11/24/2012,.6536,"6,435,656"
11/24/2012,11/28/2012,11/17/2012,.6477,"8,668,575"
11/24/2012,11/28/2012,11/10/2012,.6415,"7,369,511"
11/24/2012,11/28/2012,11/03/2012,.6384,"6,095,843"
11/24/2012,11/28/2012,10/27/2012,.6299,"7,498,494"
11/17/2012,11/21/2012,10/20/2012,.6251,"9,184,150"
11/17/2012,11/21/2012,10/27/2012,.6299,"7,498,494"
11/17/2012,11/21/2012,11/03/2012,.6384,"6,095,843"
11/17/2012,11/21/2012,11/10/2012,.6415,"7,369,511"
11/17/2012,11/21/2012,11/17/2012,.6481,"8,365,575"
11/10/2012,11/15/2012,11/10/2012,.6415,"7,369,511"
11/10/2012,11/15/2012,11/03/2012,.6384,"6,095,843"
11/10/2012,11/15/2012,10/27/2012,.6299,"7,498,494"
11/10/2012,11/15/2012,10/20/2012,.6251,"9,184,150"
11/10/2012,11/15/2012,10/13/2012,.6159,"8,348,776"
11/03/2012,11/07/2012,10/06/2012,.6104,"7,019,399"
11/03/2012,11/07/2012,10/13/2012,.6157,"8,196,369"
11/03/2012,11/07/2012,10/20/2012,.6251,"9,184,149"
11/03/2012,11/07/2012,10/27/2012,.6299,"7,498,494"
11/03/2012,11/07/2012,11/03/2012,.6389,"5,900,951"
10/27/2012,10/31/2012,10/27/2012,.6298,"7,392,744"
10/27/2012,10/31/2012,10/20/2012,.6251,"9,184,811"
10/27/2012,10/31/2012,10/13/2012,.6157,"8,196,810"
10/27/2012,10/31/2012,10/06/2012,.6104,"7,019,399"
10/27/2012,10/31/2012,09/29/2012,.6068,"9,940,767"
10/20/2012,10/24/2012,09/22/2012,.5933,"8,033,515"
10/20/2012,10/24/2012,09/29/2012,.6068,"9,940,767"
10/20/2012,10/24/2012,10/06/2012,.6104,"7,019,399"
10/20/2012,10/24/2012,10/13/2012,.6157,"8,196,810"
10/20/2012,10/24/2012,10/20/2012,.6257,"8,842,367"
10/13/2012,10/17/2012,10/13/2012,.6152,"7,985,010"
10/13/2012,10/17/2012,10/06/2012,.6104,"7,019,399"
10/13/2012,10/17/2012,09/29/2012,.6068,"9,940,767"
10/13/2012,10/17/2012,09/22/2012,.5933,"8,033,515"
10/13/2012,10/17/2012,09/15/2012,.5852,"8,101,017"
10/06/2012,10/11/2012,09/08/2012,.5751,"8,260,660"
10/06/2012,10/11/2012,09/15/2012,.5852,"8,101,017"
10/06/2012,10/11/2012,09/22/2012,.5932,"8,034,011"
10/06/2012,10/11/2012,09/29/2012,.6068,"9,940,767"
10/06/2012,10/11/2012,10/06/2012,.6110,"6,590,899"
09/29/2012,10/03/2012,09/29/2012,.6061,"9,732,485"
09/29/2012,10/03/2012,09/22/2012,.5932,"8,034,011"
09/29/2012,10/03/2012,09/15/2012,.5852,"8,101,017"
09/29/2012,10/03/2012,09/08/2012,.5751,"8,260,660"
09/29/2012,10/03/2012,09/01/2012,.5602,"8,342,456"
09/22/2012,09/26/2012,08/25/2012,.5475,"9,076,497"
09/22/2012,09/26/2012,09/01/2012,.5602,"8,342,456"
09/22/2012,09/26/2012,09/08/2012,.5751,"8,260,660"
09/22/2012,09/26/2012,09/15/2012,.5852,"8,101,017"
09/22/2012,09/26/2012,09/22/2012,.5930,"7,684,261"
09/15/2012,09/19/2012,09/15/2012,.5853,"7,935,067"
09/15/2012,09/19/2012,09/08/2012,.5748,"7,075,963"
09/15/2012,09/19/2012,09/01/2012,.5601,"8,342,456"
09/15/2012,09/19/2012,08/25/2012,.5475,"9,076,497"
09/15/2012,09/19/2012,08/18/2012,.5396,"8,658,852"
09/08/2012,09/12/2012,08/11/2012,.5304,"8,770,067"
09/08/2012,09/12/2012,08/18/2012,.5396,"8,658,852"
09/08/2012,09/12/2012,08/25/2012,.5475,"9,076,497"
09/08/2012,09/12/2012,09/01/2012,.5601,"8,342,456"
09/08/2012,09/12/2012,09/08/2012,.5745,"6,741,763"
09/01/2012,09/06/2012,09/01/2012,.5597,"8,130,756"
09/01/2012,09/06/2012,08/25/2012,.5475,"9,076,497"
09/01/2012,09/06/2012,08/18/2012,.5396,"8,660,052"
09/01/2012,09/06/2012,08/11/2012,.5304,"8,770,067"
09/01/2012,09/06/2012,08/04/2012,.5201,"6,887,170"
08/25/2012,08/29/2012,07/28/2012,.5099,"8,567,002"
08/25/2012,08/29/2012,08/04/2012,.5201,"6,887,170"
08/25/2012,08/29/2012,08/11/2012,.5304,"8,770,067"
08/25/2012,08/29/2012,08/18/2012,.5396,"8,660,052"
08/25/2012,08/29/2012,08/25/2012,.5476,"8,648,897"
08/18/2012,08/22/2012,08/18/2012,.5399,"8,152,807"
08/18/2012,08/22/2012,08/11/2012,.5304,"8,770,067"
08/18/2012,08/22/2012,08/04/2012,.5203,"6,887,170"
08/18/2012,08/22/2012,07/28/2012,.5100,"8,565,002"
08/18/2012,08/22/2012,07/21/2012,.5101,"10,161,253"
08/11/2012,08/15/2012,07/14/2012,.4948,"9,826,447"
08/11/2012,08/15/2012,07/21/2012,.5101,"10,161,253"
08/11/2012,08/15/2012,07/28/2012,.5100,"8,565,002"
08/11/2012,08/15/2012,08/04/2012,.5203,"6,887,170"
08/11/2012,08/15/2012,08/11/2012,.5291,"8,663,617"
08/04/2012,08/08/2012,08/04/2012,.5197,"6,738,920"
08/04/2012,08/08/2012,07/28/2012,.5099,"8,569,002"
08/04/2012,08/08/2012,07/21/2012,.5101,"10,161,253"
08/04/2012,08/08/2012,07/14/2012,.4948,"9,826,447"
08/04/2012,08/08/2012,07/07/2012,.4924,"6,842,250"
07/28/2012,08/01/2012,06/30/2012,.4869,"9,635,113"
07/28/2012,08/01/2012,07/07/2012,.4924,"6,842,250"
07/28/2012,08/01/2012,07/14/2012,.4948,"9,826,447"
07/28/2012,08/01/2012,07/21/2012,.5101,"10,161,253"
07/28/2012,08/01/2012,07/28/2012,.5097,"8,525,002"
07/21/2012,07/25/2012,07/21/2012,.5102,"9,889,653"
07/21/2012,07/25/2012,07/14/2012,.4948,"9,826,447"
07/21/2012,07/25/2012,07/07/2012,.4924,"6,842,250"
07/21/2012,07/25/2012,06/30/2012,.4869,"9,635,113"
07/21/2012,07/25/2012,06/23/2012,.4973,"8,840,282"
07/14/2012,07/18/2012,06/16/2012,.5057,"9,635,222"
07/14/2012,07/18/2012,06/23/2012,.4973,"8,840,282"
07/14/2012,07/18/2012,06/30/2012,.4869,"9,635,113"
07/14/2012,07/18/2012,07/07/2012,.4923,"6,800,914"
07/14/2012,07/18/2012,07/14/2012,.4959,"9,622,447"
07/07/2012,07/11/2012,07/07/2012,.4933,"6,488,914"
07/07/2012,07/11/2012,06/30/2012,.4869,"9,635,113"
07/07/2012,07/11/2012,06/23/2012,.4973,"8,840,282"
07/07/2012,07/11/2012,06/16/2012,.5057,"9,635,222"
07/07/2012,07/11/2012,06/09/2012,.5030,"9,538,589"
06/30/2012,07/05/2012,06/02/2012,.5166,"7,393,095"
06/30/2012,07/05/2012,06/09/2012,.5030,"9,538,589"
06/30/2012,07/05/2012,06/16/2012,.5057,"9,635,222"
06/30/2012,07/05/2012,06/23/2012,.4973,"8,840,282"
06/30/2012,07/05/2012,06/30/2012,.4868,"9,417,213"
06/23/2012,06/27/2012,06/23/2012,.4968,"8,690,482"
06/23/2012,06/27/2012,06/16/2012,.5057,"9,635,222"
06/23/2012,06/27/2012,06/09/2012,.5030,"9,538,589"
06/23/2012,06/27/2012,06/02/2012,.5166,"7,390,394"
06/23/2012,06/27/2012,05/26/2012,.5231,"9,029,514"
06/16/2012,06/20/2012,05/19/2012,.5416,"7,569,202"
06/16/2012,06/20/2012,05/26/2012,.5231,"9,029,514"
06/16/2012,06/20/2012,06/02/2012,.5166,"7,390,394"
06/16/2012,06/20/2012,06/09/2012,.5030,"9,538,589"
06/16/2012,06/20/2012,06/16/2012,.5075,"9,371,473"
06/09/2012,06/13/2012,06/09/2012,.5032,"9,428,639"
06/09/2012,06/13/2012,06/02/2012,.5166,"7,390,394"
06/09/2012,06/13/2012,05/26/2012,.5231,"9,029,514"
06/09/2012,06/13/2012,05/19/2012,.5416,"7,569,202"
06/09/2012,06/13/2012,05/12/2012,.5274,"7,257,827"
06/02/2012,06/06/2012,05/05/2012,.5672,"6,864,869"
06/02/2012,06/06/2012,05/12/2012,.5274,"7,257,827"
06/02/2012,06/06/2012,05/19/2012,.5416,"7,569,202"
06/02/2012,06/06/2012,05/26/2012,.5231,"9,029,514"
06/02/2012,06/06/2012,06/02/2012,.5166,"7,390,394"
05/26/2012,05/31/2012,05/26/2012,.5240,"8,848,064"
05/26/2012,05/31/2012,05/19/2012,.5416,"7,569,202"
05/26/2012,05/31/2012,05/12/2012,.5274,"7,257,827"
05/26/2012,05/31/2012,05/05/2012,.5672,"6,864,869"
05/26/2012,05/31/2012,04/28/2012,.5686,"9,213,490"
05/19/2012,05/23/2012,04/21/2012,.5911,"8,359,069"
05/19/2012,05/23/2012,04/28/2012,.5686,"9,213,590"
05/19/2012,05/23/2012,05/05/2012,.5672,"6,864,869"
05/19/2012,05/23/2012,05/12/2012,.5274,"7,257,827"
05/19/2012,05/23/2012,05/19/2012,.5436,"7,335,402"
05/12/2012,05/16/2012,05/12/2012,.5304,"7,133,357"
05/12/2012,05/16/2012,05/05/2012,.5672,"6,864,869"
05/12/2012,05/16/2012,04/28/2012,.5686,"9,213,590"
05/12/2012,05/16/2012,04/21/2012,.5911,"8,359,069"
05/12/2012,05/16/2012,04/14/2012,.5928,"8,088,382"
05/05/2012,05/09/2012,04/07/2012,.6130,"6,409,712"
05/05/2012,05/09/2012,04/14/2012,.5928,"8,088,382"
05/05/2012,05/09/2012,04/21/2012,.5911,"8,359,069"
05/05/2012,05/09/2012,04/28/2012,.5686,"9,213,590"
05/05/2012,05/09/2012,05/05/2012,.5697,"6,656,512"
04/28/2012,05/02/2012,04/28/2012,.5713,"8,517,482"
04/28/2012,05/02/2012,04/21/2012,.5911,"8,359,069"
04/28/2012,05/02/2012,04/14/2012,.5928,"8,088,382"
04/28/2012,05/02/2012,04/07/2012,.6130,"6,409,712"
04/28/2012,05/02/2012,03/31/2012,.5976,"8,688,836"
04/21/2012,04/25/2012,03/24/2012,.6084,"8,019,558"
04/21/2012,04/25/2012,03/31/2012,.5976,"8,688,836"
04/21/2012,04/25/2012,04/07/2012,.6130,"6,409,712"
04/21/2012,04/25/2012,04/14/2012,.5933,"8,129,718"
04/21/2012,04/25/2012,04/21/2012,.5931,"8,438,527"
04/14/2012,04/18/2012,04/14/2012,.5935,"7,953,726"
04/14/2012,04/18/2012,04/07/2012,.6130,"6,409,712"
04/14/2012,04/18/2012,03/31/2012,.5946,"8,523,491"
04/14/2012,04/18/2012,03/24/2012,.6113,"8,184,903"
04/14/2012,04/18/2012,03/17/2012,.6066,"8,549,009"
04/07/2012,04/11/2012,03/10/2012,.6195,"7,921,632"
04/07/2012,04/11/2012,03/17/2012,.6066,"8,549,009"
04/07/2012,04/11/2012,03/24/2012,.6113,"8,184,903"
04/07/2012,04/11/2012,03/31/2012,.5946,"8,523,491"
04/07/2012,04/11/2012,04/07/2012,.6133,"6,193,970"
03/31/2012,04/04/2012,03/31/2012,.5546,"8,801,691"
03/31/2012,04/04/2012,03/24/2012,.6113,"8,184,903"
03/31/2012,04/04/2012,03/17/2012,.6066,"8,549,009"
03/31/2012,04/04/2012,03/10/2012,.6195,"7,921,632"
03/31/2012,04/04/2012,03/03/2012,.6065,"9,156,397"
