Week Ending Date,Report Date,Date,Weighted Prices,Sales
03/30/2019,04/03/2019,03/02/2019,2.2610,"6,482,983"
03/30/2019,04/03/2019,03/09/2019,2.2792,"4,109,617"
03/30/2019,04/03/2019,03/16/2019,2.2905,"3,998,746"
03/30/2019,04/03/2019,03/23/2019,2.2600,"5,098,388"
03/30/2019,04/03/2019,03/30/2019,2.2956,"3,150,773"
03/23/2019,03/27/2019,03/23/2019,2.2600,"5,094,805"
03/23/2019,03/27/2019,03/16/2019,2.2905,"3,998,746"
03/23/2019,03/27/2019,03/09/2019,2.2792,"4,109,617"
03/23/2019,03/27/2019,03/02/2019,2.2610,"6,482,983"
03/23/2019,03/27/2019,02/23/2019,2.2594,"4,360,621"
03/16/2019,03/20/2019,02/16/2019,2.2948,"5,216,204"
03/16/2019,03/20/2019,02/23/2019,2.2594,"4,360,621"
03/16/2019,03/20/2019,03/02/2019,2.2610,"6,482,983"
03/16/2019,03/20/2019,03/09/2019,2.2799,"4,068,336"
03/16/2019,03/20/2019,03/16/2019,2.2912,"3,916,128"
03/09/2019,03/13/2019,03/09/2019,2.2797,"3,948,792"
03/09/2019,03/13/2019,03/02/2019,2.2612,"6,441,096"
03/09/2019,03/13/2019,02/23/2019,2.2594,"4,360,621"
03/09/2019,03/13/2019,02/16/2019,2.2948,"5,216,204"
03/09/2019,03/13/2019,02/09/2019,2.2853,"5,696,765"
03/02/2019,03/06/2019,02/02/2019,2.2355,"8,975,840"
03/02/2019,03/06/2019,02/09/2019,2.2853,"5,696,765"
03/02/2019,03/06/2019,02/16/2019,2.2948,"5,216,204"
03/02/2019,03/06/2019,02/23/2019,2.2623,"4,416,781"
03/02/2019,03/06/2019,03/02/2019,2.2612,"6,417,948"
02/23/2019,02/27/2019,02/23/2019,2.2639,"4,104,995"
02/23/2019,02/27/2019,02/16/2019,2.2966,"4,969,344"
02/23/2019,02/27/2019,02/09/2019,2.2859,"5,731,928"
02/23/2019,02/27/2019,02/02/2019,2.2339,"9,182,522"
02/23/2019,02/27/2019,01/26/2019,2.2679,"3,851,948"
02/16/2019,02/21/2019,01/19/2019,2.2282,"12,232,908"
02/16/2019,02/21/2019,01/26/2019,2.2680,"3,852,004"
02/16/2019,02/21/2019,02/02/2019,2.2339,"9,182,577"
02/16/2019,02/21/2019,02/09/2019,2.2859,"5,731,928"
02/16/2019,02/21/2019,02/16/2019,2.2977,"4,689,415"
02/09/2019,02/13/2019,02/09/2019,2.2855,"5,129,686"
02/09/2019,02/13/2019,02/02/2019,2.2320,"8,865,665"
02/09/2019,02/13/2019,01/26/2019,2.2680,"3,852,004"
02/09/2019,02/13/2019,01/19/2019,2.2282,"12,232,908"
02/09/2019,02/13/2019,01/12/2019,2.2477,"4,919,766"
02/02/2019,02/06/2019,01/05/2019,2.2153,"5,308,799"
02/02/2019,02/06/2019,01/12/2019,2.2459,"4,672,079"
02/02/2019,02/06/2019,01/19/2019,2.2278,"12,150,235"
02/02/2019,02/06/2019,01/26/2019,2.2673,"3,686,659"
02/02/2019,02/06/2019,02/02/2019,2.2320,"8,380,984"
01/26/2019,01/30/2019,01/26/2019,2.2696,"3,482,734"
01/26/2019,01/30/2019,01/19/2019,2.2280,"11,949,065"
01/26/2019,01/30/2019,01/12/2019,2.2459,"4,672,079"
01/26/2019,01/30/2019,01/05/2019,2.2153,"5,308,799"
01/26/2019,01/30/2019,12/29/2018,2.2171,"2,776,701"
01/19/2019,01/24/2019,12/22/2018,2.2567,"2,014,901"
01/19/2019,01/24/2019,12/29/2018,2.2171,"2,776,701"
01/19/2019,01/24/2019,01/05/2019,2.2153,"5,308,799"
01/19/2019,01/24/2019,01/12/2019,2.2486,"4,470,909"
01/19/2019,01/24/2019,01/19/2019,2.2402,"6,055,013"
01/12/2019,01/16/2019,01/12/2019,2.2496,"4,355,446"
01/12/2019,01/16/2019,01/05/2019,2.2185,"5,148,965"
01/12/2019,01/16/2019,12/29/2018,2.2171,"2,776,701"
01/12/2019,01/16/2019,12/22/2018,2.2567,"2,014,901"
01/12/2019,01/16/2019,12/15/2018,2.2574,"3,694,929"
01/05/2019,01/09/2019,12/08/2018,2.2576,"2,879,765"
01/05/2019,01/09/2019,12/15/2018,2.2574,"3,694,929"
01/05/2019,01/09/2019,12/22/2018,2.2566,"1,973,564"
01/05/2019,01/09/2019,12/29/2018,2.2168,"2,757,411"
01/05/2019,01/09/2019,01/05/2019,2.2168,"4,980,755"
12/29/2018,01/03/2019,12/29/2018,2.2126,"2,580,489"
12/29/2018,01/03/2019,12/22/2018,2.2515,"1,725,597"
12/29/2018,01/03/2019,12/15/2018,2.2530,"3,275,499"
12/29/2018,01/03/2019,12/08/2018,2.2531,"2,549,181"
12/29/2018,01/03/2019,12/01/2018,2.2903,"4,616,486"
12/22/2018,12/27/2018,11/24/2018,2.2622,"1,996,528"
12/22/2018,12/27/2018,12/01/2018,2.2903,"4,616,486"
12/22/2018,12/27/2018,12/08/2018,2.2531,"2,549,181"
12/22/2018,12/27/2018,12/15/2018,2.2530,"3,234,163"
12/22/2018,12/27/2018,12/22/2018,2.2523,"1,692,528"
12/15/2018,12/19/2018,12/15/2018,2.2545,"3,121,186"
12/15/2018,12/19/2018,12/08/2018,2.2530,"2,546,161"
12/15/2018,12/19/2018,12/01/2018,2.2903,"4,616,492"
12/15/2018,12/19/2018,11/24/2018,2.2622,"1,996,534"
12/15/2018,12/19/2018,11/17/2018,2.2580,"2,481,739"
12/08/2018,12/12/2018,11/10/2018,2.2640,"4,306,332"
12/08/2018,12/12/2018,11/17/2018,2.2580,"2,481,739"
12/08/2018,12/12/2018,11/24/2018,2.2622,"1,996,534"
12/08/2018,12/12/2018,12/01/2018,2.2903,"4,616,492"
12/08/2018,12/12/2018,12/08/2018,2.2530,"2,546,161"
12/01/2018,12/05/2018,12/01/2018,2.2871,"4,203,074"
12/01/2018,12/05/2018,11/24/2018,2.2586,"1,872,580"
12/01/2018,12/05/2018,11/17/2018,2.2514,"2,233,721"
12/01/2018,12/05/2018,11/10/2018,2.2640,"4,303,577"
12/01/2018,12/05/2018,11/03/2018,2.2629,"2,578,855"
11/24/2018,11/28/2018,10/27/2018,2.3151,"2,138,064"
11/24/2018,11/28/2018,11/03/2018,2.2629,"2,578,855"
11/24/2018,11/28/2018,11/10/2018,2.2640,"4,303,577"
11/24/2018,11/28/2018,11/17/2018,2.2514,"2,233,721"
11/24/2018,11/28/2018,11/24/2018,2.2575,"1,771,996"
11/17/2018,11/21/2018,11/17/2018,2.2516,"2,227,658"
11/17/2018,11/21/2018,11/10/2018,2.2637,"4,258,933"
11/17/2018,11/21/2018,11/03/2018,2.2629,"2,578,855"
11/17/2018,11/21/2018,10/27/2018,2.3151,"2,138,064"
11/17/2018,11/21/2018,10/20/2018,2.2668,"5,694,977"
11/10/2018,11/15/2018,10/13/2018,2.2972,"4,698,982"
11/10/2018,11/15/2018,10/20/2018,2.2668,"5,694,977"
11/10/2018,11/15/2018,10/27/2018,2.3151,"2,138,064"
11/10/2018,11/15/2018,11/03/2018,2.2629,"2,578,855"
11/10/2018,11/15/2018,11/10/2018,2.2637,"4,258,933"
11/03/2018,11/07/2018,11/03/2018,2.2626,"2,531,456"
11/03/2018,11/07/2018,10/27/2018,2.3151,"2,138,064"
11/03/2018,11/07/2018,10/20/2018,2.2668,"5,694,977"
11/03/2018,11/07/2018,10/13/2018,2.2972,"4,698,981"
11/03/2018,11/07/2018,10/06/2018,2.2757,"7,009,847"
10/27/2018,10/31/2018,09/29/2018,2.2874,"3,015,054"
10/27/2018,10/31/2018,10/06/2018,2.2757,"7,009,847"
10/27/2018,10/31/2018,10/13/2018,2.2959,"4,451,294"
10/27/2018,10/31/2018,10/20/2018,2.2648,"5,488,571"
10/27/2018,10/31/2018,10/27/2018,2.3170,"1,859,569"
10/20/2018,10/24/2018,10/20/2018,2.2666,"4,738,731"
10/20/2018,10/24/2018,10/13/2018,2.2959,"4,451,294"
10/20/2018,10/24/2018,10/06/2018,2.2757,"7,009,847"
10/20/2018,10/24/2018,09/29/2018,2.2874,"3,015,054"
10/20/2018,10/24/2018,09/22/2018,2.2494,"3,758,453"
10/13/2018,10/17/2018,09/15/2018,2.2450,"2,610,117"
10/13/2018,10/17/2018,09/22/2018,2.2494,"3,758,453"
10/13/2018,10/17/2018,09/29/2018,2.2874,"3,015,054"
10/13/2018,10/17/2018,10/06/2018,2.2760,"6,968,511"
10/13/2018,10/17/2018,10/13/2018,2.2955,"4,409,958"
10/06/2018,10/11/2018,10/06/2018,2.2759,"6,885,839"
10/06/2018,10/11/2018,09/29/2018,2.2874,"3,015,054"
10/06/2018,10/11/2018,09/22/2018,2.2494,"3,758,453"
10/06/2018,10/11/2018,09/15/2018,2.2450,"2,610,117"
10/06/2018,10/11/2018,09/08/2018,2.3020,"1,871,147"
09/29/2018,10/03/2018,09/01/2018,2.3020,"2,334,609"
09/29/2018,10/03/2018,09/08/2018,2.3020,"1,871,147"
09/29/2018,10/03/2018,09/15/2018,2.2432,"2,527,665"
09/29/2018,10/03/2018,09/22/2018,2.2471,"3,593,660"
09/29/2018,10/03/2018,09/29/2018,2.2866,"2,849,874"
09/22/2018,09/26/2018,09/22/2018,2.2464,"2,452,834"
09/22/2018,09/26/2018,09/15/2018,2.2444,"2,444,992"
09/22/2018,09/26/2018,09/08/2018,2.3020,"1,871,147"
09/22/2018,09/26/2018,09/01/2018,2.3020,"2,334,609"
09/22/2018,09/26/2018,08/25/2018,2.3597,"2,708,720"
09/15/2018,09/19/2018,08/18/2018,2.3393,"2,286,844"
09/15/2018,09/19/2018,08/25/2018,2.3597,"2,708,720"
09/15/2018,09/19/2018,09/01/2018,2.3020,"2,334,609"
09/15/2018,09/19/2018,09/08/2018,2.3020,"1,871,147"
09/15/2018,09/19/2018,09/15/2018,2.2409,"2,279,868"
09/08/2018,09/12/2018,09/08/2018,2.3020,"1,829,259"
09/08/2018,09/12/2018,09/01/2018,2.3002,"2,252,046"
09/08/2018,09/12/2018,08/25/2018,2.3604,"2,461,089"
09/08/2018,09/12/2018,08/18/2018,2.3376,"2,039,102"
09/08/2018,09/12/2018,08/11/2018,2.3160,"1,571,422"
09/01/2018,09/06/2018,08/04/2018,2.2710,"2,846,259"
09/01/2018,09/06/2018,08/11/2018,2.3160,"1,571,422"
09/01/2018,09/06/2018,08/18/2018,2.3376,"2,039,102"
09/01/2018,09/06/2018,08/25/2018,2.3604,"2,461,089"
09/01/2018,09/06/2018,09/01/2018,2.2984,"2,199,687"
08/25/2018,08/29/2018,08/25/2018,2.3649,"2,295,855"
08/25/2018,08/29/2018,08/18/2018,2.3376,"2,039,102"
08/25/2018,08/29/2018,08/11/2018,2.3158,"1,530,085"
08/25/2018,08/29/2018,08/04/2018,2.2710,"2,846,259"
08/25/2018,08/29/2018,07/28/2018,2.2592,"2,546,962"
08/18/2018,08/22/2018,07/21/2018,2.2503,"2,762,376"
08/18/2018,08/22/2018,07/28/2018,2.2592,"2,546,962"
08/18/2018,08/22/2018,08/04/2018,2.2709,"2,841,850"
08/18/2018,08/22/2018,08/11/2018,2.3156,"1,446,916"
08/18/2018,08/22/2018,08/18/2018,2.3373,"1,997,766"
08/11/2018,08/15/2018,08/11/2018,2.3161,"1,313,538"
08/11/2018,08/15/2018,08/04/2018,2.2707,"2,797,778"
08/11/2018,08/15/2018,07/28/2018,2.2592,"2,546,962"
08/11/2018,08/15/2018,07/21/2018,2.2503,"2,762,376"
08/11/2018,08/15/2018,07/14/2018,2.2372,"2,600,536"
08/04/2018,08/08/2018,07/07/2018,2.2968,"2,384,520"
08/04/2018,08/08/2018,07/14/2018,2.2372,"2,600,536"
08/04/2018,08/08/2018,07/21/2018,2.2503,"2,762,376"
08/04/2018,08/08/2018,07/28/2018,2.2592,"2,546,962"
08/04/2018,08/08/2018,08/04/2018,2.2704,"2,753,686"
07/28/2018,08/01/2018,07/28/2018,2.2584,"2,464,399"
07/28/2018,08/01/2018,07/21/2018,2.2494,"2,679,869"
07/28/2018,08/01/2018,07/14/2018,2.2367,"2,488,763"
07/28/2018,08/01/2018,07/07/2018,2.2974,"2,301,959"
07/28/2018,08/01/2018,06/30/2018,2.3385,"2,247,311"
07/21/2018,07/25/2018,06/23/2018,2.3752,"3,008,884"
07/21/2018,07/25/2018,06/30/2018,2.3428,"2,247,311"
07/21/2018,07/25/2018,07/07/2018,2.2974,"2,301,959"
07/21/2018,07/25/2018,07/14/2018,2.2367,"2,488,763"
07/21/2018,07/25/2018,07/21/2018,2.2517,"2,597,196"
07/14/2018,07/18/2018,07/14/2018,2.2367,"2,488,763"
07/14/2018,07/18/2018,07/07/2018,2.2974,"2,301,959"
07/14/2018,07/18/2018,06/30/2018,2.3428,"2,247,311"
07/14/2018,07/18/2018,06/23/2018,2.3752,"3,008,884"
07/14/2018,07/18/2018,06/16/2018,2.3633,"5,624,334"
07/07/2018,07/11/2018,06/09/2018,2.3759,"6,632,177"
07/07/2018,07/11/2018,06/16/2018,2.3633,"5,624,334"
07/07/2018,07/11/2018,06/23/2018,2.3784,"3,034,788"
07/07/2018,07/11/2018,06/30/2018,2.3429,"2,244,555"
07/07/2018,07/11/2018,07/07/2018,2.2976,"2,260,623"
06/30/2018,07/05/2018,06/30/2018,2.3393,"2,120,712"
06/30/2018,07/05/2018,06/23/2018,2.3761,"2,787,101"
06/30/2018,07/05/2018,06/16/2018,2.3617,"5,321,643"
06/30/2018,07/05/2018,06/09/2018,2.3759,"6,632,177"
06/30/2018,07/05/2018,06/02/2018,2.4030,"5,408,154"
06/23/2018,06/27/2018,05/26/2018,2.3795,"4,403,957"
06/23/2018,06/27/2018,06/02/2018,2.4039,"5,427,445"
06/23/2018,06/27/2018,06/09/2018,2.3769,"6,651,467"
06/23/2018,06/27/2018,06/16/2018,2.3617,"5,321,643"
06/23/2018,06/27/2018,06/23/2018,2.3771,"2,704,869"
06/16/2018,06/20/2018,06/16/2018,2.3639,"4,494,973"
06/16/2018,06/20/2018,06/09/2018,2.3764,"6,651,466"
06/16/2018,06/20/2018,06/02/2018,2.4039,"5,427,445"
06/16/2018,06/20/2018,05/26/2018,2.3795,"4,403,957"
06/16/2018,06/20/2018,05/19/2018,2.3292,"7,249,258"
06/09/2018,06/13/2018,05/12/2018,2.3288,"6,482,529"
06/09/2018,06/13/2018,05/19/2018,2.3292,"7,249,258"
06/09/2018,06/13/2018,05/26/2018,2.3795,"4,403,957"
06/09/2018,06/13/2018,06/02/2018,2.4039,"5,427,445"
06/09/2018,06/13/2018,06/09/2018,2.3784,"6,236,725"
06/02/2018,06/06/2018,06/02/2018,2.4039,"5,427,445"
06/02/2018,06/06/2018,05/26/2018,2.3795,"4,404,007"
06/02/2018,06/06/2018,05/19/2018,2.3288,"7,227,212"
06/02/2018,06/06/2018,05/12/2018,2.3283,"6,455,522"
06/02/2018,06/06/2018,05/05/2018,2.3379,"7,083,182"
05/26/2018,05/31/2018,04/28/2018,2.2856,"5,835,277"
05/26/2018,05/31/2018,05/05/2018,2.3379,"7,083,182"
05/26/2018,05/31/2018,05/12/2018,2.3249,"6,168,924"
05/26/2018,05/31/2018,05/19/2018,2.3251,"6,939,126"
05/26/2018,05/31/2018,05/26/2018,2.3799,"4,196,883"
05/19/2018,05/23/2018,05/19/2018,2.3243,"6,581,431"
05/19/2018,05/23/2018,05/12/2018,2.3249,"6,168,924"
05/19/2018,05/23/2018,05/05/2018,2.3379,"7,083,182"
05/19/2018,05/23/2018,04/28/2018,2.2856,"5,835,277"
05/19/2018,05/23/2018,04/21/2018,2.2787,"6,196,333"
05/12/2018,05/16/2018,04/14/2018,2.2613,"8,074,026"
05/12/2018,05/16/2018,04/21/2018,2.2787,"6,196,333"
05/12/2018,05/16/2018,04/28/2018,2.2856,"5,835,277"
05/12/2018,05/16/2018,05/05/2018,2.3379,"7,083,182"
05/12/2018,05/16/2018,05/12/2018,2.3248,"6,166,940"
05/05/2018,05/09/2018,05/05/2018,2.3396,"7,380,806"
05/05/2018,05/09/2018,04/28/2018,2.2856,"5,835,332"
05/05/2018,05/09/2018,04/21/2018,2.2787,"6,196,333"
05/05/2018,05/09/2018,04/14/2018,2.2613,"8,074,081"
05/05/2018,05/09/2018,04/07/2018,2.1945,"8,775,617"
04/28/2018,05/02/2018,03/31/2018,2.2134,"3,546,575"
04/28/2018,05/02/2018,04/07/2018,2.1869,"8,321,911"
04/28/2018,05/02/2018,04/14/2018,2.2585,"6,937,610"
04/28/2018,05/02/2018,04/21/2018,2.2766,"5,948,702"
04/28/2018,05/02/2018,04/28/2018,2.2827,"5,504,476"
04/21/2018,04/25/2018,04/21/2018,2.2778,"5,495,656"
04/21/2018,04/25/2018,04/14/2018,2.2585,"6,937,610"
04/21/2018,04/25/2018,04/07/2018,2.1869,"8,321,911"
04/21/2018,04/25/2018,03/31/2018,2.2134,"3,546,575"
04/21/2018,04/25/2018,03/24/2018,2.2037,"5,847,642"
04/14/2018,04/18/2018,03/17/2018,2.1700,"5,994,764"
04/14/2018,04/18/2018,03/24/2018,2.2045,"5,764,969"
04/14/2018,04/18/2018,03/31/2018,2.2134,"3,546,575"
04/14/2018,04/18/2018,04/07/2018,2.1867,"8,286,086"
04/14/2018,04/18/2018,04/14/2018,2.2559,"6,655,090"
04/07/2018,04/11/2018,04/07/2018,2.1868,"8,244,199"
04/07/2018,04/11/2018,03/31/2018,2.2134,"3,546,575"
04/07/2018,04/11/2018,03/24/2018,2.2046,"5,796,660"
04/07/2018,04/11/2018,03/17/2018,2.1700,"5,994,764"
04/07/2018,04/11/2018,03/10/2018,2.1791,"5,846,599"
03/31/2018,04/04/2018,03/03/2018,2.1368,"7,195,683"
03/31/2018,04/04/2018,03/10/2018,2.1791,"5,846,599"
03/31/2018,04/04/2018,03/17/2018,2.1700,"5,994,764"
03/31/2018,04/04/2018,03/24/2018,2.2045,"5,765,796"
03/31/2018,04/04/2018,03/31/2018,2.2135,"3,547,678"
03/24/2018,03/28/2018,03/24/2018,2.2042,"5,724,600"
03/24/2018,03/28/2018,03/17/2018,2.1699,"5,913,414"
03/24/2018,03/28/2018,03/10/2018,2.1791,"5,846,599"
03/24/2018,03/28/2018,03/03/2018,2.1368,"7,195,683"
03/24/2018,03/28/2018,02/24/2018,2.1069,"7,449,759"
03/17/2018,03/21/2018,02/17/2018,2.0828,"7,167,284"
03/17/2018,03/21/2018,02/24/2018,2.1069,"7,449,760"
03/17/2018,03/21/2018,03/03/2018,2.1368,"7,195,682"
03/17/2018,03/21/2018,03/10/2018,2.1791,"5,809,563"
03/17/2018,03/21/2018,03/17/2018,2.1691,"5,712,299"
03/10/2018,03/14/2018,03/10/2018,2.1810,"5,602,881"
03/10/2018,03/14/2018,03/03/2018,2.1371,"6,532,538"
03/10/2018,03/14/2018,02/24/2018,2.1069,"7,449,760"
03/10/2018,03/14/2018,02/17/2018,2.0828,"7,167,284"
03/10/2018,03/14/2018,02/10/2018,2.1305,"6,127,092"
03/03/2018,03/07/2018,02/03/2018,2.1524,"5,155,006"
03/03/2018,03/07/2018,02/10/2018,2.1305,"6,127,092"
03/03/2018,03/07/2018,02/17/2018,2.0828,"7,167,284"
03/03/2018,03/07/2018,02/24/2018,2.1069,"7,449,760"
03/03/2018,03/07/2018,03/03/2018,2.1373,"6,490,650"
02/24/2018,02/28/2018,02/24/2018,2.1070,"7,282,486"
02/24/2018,02/28/2018,02/17/2018,2.0694,"7,125,948"
02/24/2018,02/28/2018,02/10/2018,2.1303,"6,085,756"
02/24/2018,02/28/2018,02/03/2018,2.1524,"5,155,006"
02/24/2018,02/28/2018,01/27/2018,2.1550,"4,118,701"
02/17/2018,02/22/2018,01/20/2018,2.1822,"4,525,163"
02/17/2018,02/22/2018,01/27/2018,2.1550,"4,118,701"
02/17/2018,02/22/2018,02/03/2018,2.1524,"5,155,006"
02/17/2018,02/22/2018,02/10/2018,2.1303,"6,085,756"
02/17/2018,02/22/2018,02/17/2018,2.0702,"6,918,164"
02/10/2018,02/14/2018,02/10/2018,2.1302,"6,033,397"
02/10/2018,02/14/2018,02/03/2018,2.1524,"5,155,006"
02/10/2018,02/14/2018,01/27/2018,2.1550,"4,118,701"
02/10/2018,02/14/2018,01/20/2018,2.1822,"4,525,163"
02/10/2018,02/14/2018,01/13/2018,2.2312,"4,227,298"
02/03/2018,02/07/2018,01/06/2018,2.2373,"2,204,941"
02/03/2018,02/07/2018,01/13/2018,2.2312,"4,227,298"
02/03/2018,02/07/2018,01/20/2018,2.1822,"4,525,163"
02/03/2018,02/07/2018,01/27/2018,2.1573,"4,120,575"
02/03/2018,02/07/2018,02/03/2018,2.1524,"5,156,109"
01/27/2018,01/31/2018,01/27/2018,2.1573,"4,120,575"
01/27/2018,01/31/2018,01/20/2018,2.1822,"4,525,163"
01/27/2018,01/31/2018,01/13/2018,2.2312,"4,227,298"
01/27/2018,01/31/2018,01/06/2018,2.2373,"2,204,941"
01/27/2018,01/31/2018,12/30/2017,2.2244,"1,801,471"
01/20/2018,01/24/2018,12/23/2017,2.2288,"2,719,534"
01/20/2018,01/24/2018,12/30/2017,2.2244,"1,801,471"
01/20/2018,01/24/2018,01/06/2018,2.2373,"2,204,941"
01/20/2018,01/24/2018,01/13/2018,2.2310,"4,185,961"
01/20/2018,01/24/2018,01/20/2018,2.1821,"4,523,841"
01/13/2018,01/18/2018,01/13/2018,2.2321,"4,021,278"
01/13/2018,01/18/2018,01/06/2018,2.2373,"2,204,941"
01/13/2018,01/18/2018,12/30/2017,2.2244,"1,801,471"
01/13/2018,01/18/2018,12/23/2017,2.2288,"2,719,534"
01/13/2018,01/18/2018,12/16/2017,2.2221,"2,699,954"
01/06/2018,01/10/2018,12/09/2017,2.2299,"3,210,080"
01/06/2018,01/10/2018,12/16/2017,2.2221,"2,699,403"
01/06/2018,01/10/2018,12/23/2017,2.2286,"2,696,937"
01/06/2018,01/10/2018,12/30/2017,2.2244,"1,798,715"
01/06/2018,01/10/2018,01/06/2018,2.2357,"2,163,053"
12/30/2017,01/04/2018,12/30/2017,2.2244,"1,798,715"
12/30/2017,01/04/2018,12/23/2017,2.2357,"2,445,615"
12/30/2017,01/04/2018,12/16/2017,2.2221,"2,699,403"
12/30/2017,01/04/2018,12/09/2017,2.2299,"3,210,080"
12/30/2017,01/04/2018,12/02/2017,2.2442,"2,990,886"
12/23/2017,12/28/2017,11/25/2017,2.2726,"2,035,931"
12/23/2017,12/28/2017,12/02/2017,2.2443,"2,968,840"
12/23/2017,12/28/2017,12/09/2017,2.2299,"3,210,080"
12/23/2017,12/28/2017,12/16/2017,2.2221,"2,699,403"
12/23/2017,12/28/2017,12/23/2017,2.2357,"2,445,615"
12/16/2017,12/20/2017,12/16/2017,2.2204,"2,658,067"
12/16/2017,12/20/2017,12/09/2017,2.2299,"3,210,080"
12/16/2017,12/20/2017,12/02/2017,2.2443,"2,968,840"
12/16/2017,12/20/2017,11/25/2017,2.2726,"2,035,931"
12/16/2017,12/20/2017,11/18/2017,2.2477,"3,261,280"
12/09/2017,12/13/2017,11/11/2017,2.2780,"3,308,731"
12/09/2017,12/13/2017,11/18/2017,2.2477,"3,261,280"
12/09/2017,12/13/2017,11/25/2017,2.2726,"2,035,931"
12/09/2017,12/13/2017,12/02/2017,2.2431,"2,927,504"
12/09/2017,12/13/2017,12/09/2017,2.2299,"3,210,080"
12/02/2017,12/06/2017,12/02/2017,2.2455,"2,842,682"
12/02/2017,12/06/2017,11/25/2017,2.2726,"2,035,931"
12/02/2017,12/06/2017,11/18/2017,2.2477,"3,261,280"
12/02/2017,12/06/2017,11/11/2017,2.2780,"3,308,731"
12/02/2017,12/06/2017,11/04/2017,2.3328,"2,450,056"
11/25/2017,11/29/2017,10/28/2017,2.3463,"3,839,566"
11/25/2017,11/29/2017,11/04/2017,2.3328,"2,450,063"
11/25/2017,11/29/2017,11/11/2017,2.2776,"3,267,401"
11/25/2017,11/29/2017,11/18/2017,2.2483,"3,219,949"
11/25/2017,11/29/2017,11/25/2017,2.2753,"1,756,115"
11/18/2017,11/22/2017,11/18/2017,2.2479,"2,930,099"
11/18/2017,11/22/2017,11/11/2017,2.2776,"3,267,401"
11/18/2017,11/22/2017,11/04/2017,2.3328,"2,450,063"
11/18/2017,11/22/2017,10/28/2017,2.3463,"3,838,464"
11/18/2017,11/22/2017,10/21/2017,2.3744,"3,162,241"
11/11/2017,11/15/2017,10/14/2017,2.3545,"3,592,550"
11/11/2017,11/15/2017,10/21/2017,2.3744,"3,162,241"
11/11/2017,11/15/2017,10/28/2017,2.3463,"3,838,464"
11/11/2017,11/15/2017,11/04/2017,2.3328,"2,450,063"
11/11/2017,11/15/2017,11/11/2017,2.2780,"3,226,065"
11/04/2017,11/08/2017,11/04/2017,2.3335,"2,367,391"
11/04/2017,11/08/2017,10/28/2017,2.3462,"3,837,361"
11/04/2017,11/08/2017,10/21/2017,2.3744,"3,162,241"
11/04/2017,11/08/2017,10/14/2017,2.3545,"3,592,550"
11/04/2017,11/08/2017,10/07/2017,2.4170,"3,353,680"
10/28/2017,11/01/2017,09/30/2017,2.4797,"3,387,376"
10/28/2017,11/01/2017,10/07/2017,2.4170,"3,353,680"
10/28/2017,11/01/2017,10/14/2017,2.3545,"3,592,550"
10/28/2017,11/01/2017,10/21/2017,2.3744,"3,162,241"
10/28/2017,11/01/2017,10/28/2017,2.3462,"3,837,361"
10/21/2017,10/25/2017,10/21/2017,2.3747,"2,997,061"
10/21/2017,10/25/2017,10/14/2017,2.3545,"3,592,550"
10/21/2017,10/25/2017,10/07/2017,2.4169,"3,353,680"
10/21/2017,10/25/2017,09/30/2017,2.4797,"3,387,318"
10/21/2017,10/25/2017,09/23/2017,2.4593,"3,837,044"
10/14/2017,10/18/2017,09/16/2017,2.5038,"4,906,886"
10/14/2017,10/18/2017,09/23/2017,2.4593,"3,837,044"
10/14/2017,10/18/2017,09/30/2017,2.4797,"3,387,318"
10/14/2017,10/18/2017,10/07/2017,2.4173,"3,310,690"
10/14/2017,10/18/2017,10/14/2017,2.3547,"3,551,214"
10/07/2017,10/12/2017,10/07/2017,2.4173,"3,310,690"
10/07/2017,10/12/2017,09/30/2017,2.4797,"3,387,318"
10/07/2017,10/12/2017,09/23/2017,2.4594,"3,837,044"
10/07/2017,10/12/2017,09/16/2017,2.5038,"4,906,831"
10/07/2017,10/12/2017,09/09/2017,2.5869,"2,322,972"
09/30/2017,10/04/2017,09/02/2017,2.6501,"3,610,300"
09/30/2017,10/04/2017,09/09/2017,2.5869,"2,322,972"
09/30/2017,10/04/2017,09/16/2017,2.5038,"4,906,831"
09/30/2017,10/04/2017,09/23/2017,2.4594,"3,837,044"
09/30/2017,10/04/2017,09/30/2017,2.4797,"3,387,318"
09/23/2017,09/27/2017,09/23/2017,2.4599,"3,784,684"
09/23/2017,09/27/2017,09/16/2017,2.5038,"4,906,831"
09/23/2017,09/27/2017,09/09/2017,2.5869,"2,322,972"
09/23/2017,09/27/2017,09/02/2017,2.6501,"3,610,300"
09/23/2017,09/27/2017,08/26/2017,2.6280,"4,125,434"
09/16/2017,09/20/2017,08/19/2017,2.6714,"4,468,955"
09/16/2017,09/20/2017,08/26/2017,2.6280,"4,125,434"
09/16/2017,09/20/2017,09/02/2017,2.6501,"3,610,300"
09/16/2017,09/20/2017,09/09/2017,2.5868,"2,325,617"
09/16/2017,09/20/2017,09/16/2017,2.5046,"4,784,861"
09/09/2017,09/13/2017,09/09/2017,2.5853,"2,284,281"
09/09/2017,09/13/2017,09/02/2017,2.6501,"3,610,300"
09/09/2017,09/13/2017,08/26/2017,2.6280,"4,125,434"
09/09/2017,09/13/2017,08/19/2017,2.6714,"4,468,955"
09/09/2017,09/13/2017,08/12/2017,2.6685,"5,548,875"
09/02/2017,09/07/2017,08/05/2017,2.6459,"3,949,076"
09/02/2017,09/07/2017,08/12/2017,2.6708,"5,548,875"
09/02/2017,09/07/2017,08/19/2017,2.6743,"4,468,955"
09/02/2017,09/07/2017,08/26/2017,2.6317,"4,125,434"
09/02/2017,09/07/2017,09/02/2017,2.6505,"3,651,637"
08/26/2017,08/30/2017,08/26/2017,2.6317,"4,125,434"
08/26/2017,08/30/2017,08/19/2017,2.6750,"4,468,955"
08/26/2017,08/30/2017,08/12/2017,2.6717,"5,548,875"
08/26/2017,08/30/2017,08/05/2017,2.6459,"3,949,076"
08/26/2017,08/30/2017,07/29/2017,2.6475,"2,164,100"
08/19/2017,08/23/2017,07/22/2017,2.5866,"4,279,573"
08/19/2017,08/23/2017,07/29/2017,2.6475,"2,164,100"
08/19/2017,08/23/2017,08/05/2017,2.6459,"3,949,076"
08/19/2017,08/23/2017,08/12/2017,2.6710,"5,479,981"
08/19/2017,08/23/2017,08/19/2017,2.6750,"4,468,955"
08/12/2017,08/16/2017,08/12/2017,2.6715,"5,438,204"
08/12/2017,08/16/2017,08/05/2017,2.6457,"3,949,627"
08/12/2017,08/16/2017,07/29/2017,2.6475,"2,164,100"
08/12/2017,08/16/2017,07/22/2017,2.5866,"4,279,573"
08/12/2017,08/16/2017,07/15/2017,2.6086,"3,261,301"
08/05/2017,08/09/2017,07/08/2017,2.6540,"1,958,497"
08/05/2017,08/09/2017,07/15/2017,2.6086,"3,261,300"
08/05/2017,08/09/2017,07/22/2017,2.5866,"4,279,573"
08/05/2017,08/09/2017,07/29/2017,2.6475,"2,164,100"
08/05/2017,08/09/2017,08/05/2017,2.6456,"3,949,627"
07/29/2017,08/02/2017,07/29/2017,2.6471,"2,081,483"
07/29/2017,08/02/2017,07/22/2017,2.5865,"4,238,237"
07/29/2017,08/02/2017,07/15/2017,2.6086,"3,261,300"
07/29/2017,08/02/2017,07/08/2017,2.6540,"1,958,497"
07/29/2017,08/02/2017,07/01/2017,2.5727,"4,138,143"
07/22/2017,07/26/2017,06/24/2017,2.5680,"2,466,546"
07/22/2017,07/26/2017,07/01/2017,2.5727,"4,138,143"
07/22/2017,07/26/2017,07/08/2017,2.6540,"1,958,497"
07/22/2017,07/26/2017,07/15/2017,2.6086,"3,261,300"
07/22/2017,07/26/2017,07/22/2017,2.5862,"4,196,901"
07/15/2017,07/19/2017,07/15/2017,2.6086,"3,261,300"
07/15/2017,07/19/2017,07/08/2017,2.6540,"1,961,143"
07/15/2017,07/19/2017,07/01/2017,2.5726,"4,138,143"
07/15/2017,07/19/2017,06/24/2017,2.5680,"2,466,546"
07/15/2017,07/19/2017,06/17/2017,2.4566,"5,479,230"
07/08/2017,07/12/2017,06/10/2017,2.3887,"6,472,040"
07/08/2017,07/12/2017,06/17/2017,2.4566,"5,479,230"
07/08/2017,07/12/2017,06/24/2017,2.5680,"2,466,546"
07/08/2017,07/12/2017,07/01/2017,2.5726,"4,135,387"
07/08/2017,07/12/2017,07/08/2017,2.6540,"1,961,143"
07/01/2017,07/06/2017,07/01/2017,2.5582,"4,259,120"
07/01/2017,07/06/2017,06/24/2017,2.5532,"2,543,542"
07/01/2017,07/06/2017,06/17/2017,2.4566,"5,479,230"
07/01/2017,07/06/2017,06/10/2017,2.3887,"6,472,040"
07/01/2017,07/06/2017,06/03/2017,2.3213,"5,883,309"
06/24/2017,06/28/2017,05/27/2017,2.3087,"3,232,433"
06/24/2017,06/28/2017,06/03/2017,2.3215,"5,883,309"
06/24/2017,06/28/2017,06/10/2017,2.3887,"6,472,040"
06/24/2017,06/28/2017,06/17/2017,2.4539,"5,521,117"
06/24/2017,06/28/2017,06/24/2017,2.5503,"2,460,870"
06/17/2017,06/21/2017,06/17/2017,2.4537,"5,516,487"
06/17/2017,06/21/2017,06/10/2017,2.3886,"6,448,285"
06/17/2017,06/21/2017,06/03/2017,2.3215,"5,883,309"
06/17/2017,06/21/2017,05/27/2017,2.3087,"3,232,433"
06/17/2017,06/21/2017,05/20/2017,2.1920,"4,437,261"
06/10/2017,06/14/2017,05/13/2017,2.1185,"4,896,911"
06/10/2017,06/14/2017,05/20/2017,2.1920,"4,437,261"
06/10/2017,06/14/2017,05/27/2017,2.3087,"3,232,433"
06/10/2017,06/14/2017,06/03/2017,2.3215,"5,883,309"
06/10/2017,06/14/2017,06/10/2017,2.3886,"6,448,285"
06/03/2017,06/07/2017,06/03/2017,2.3205,"5,759,299"
06/03/2017,06/07/2017,05/27/2017,2.2981,"3,315,544"
06/03/2017,06/07/2017,05/20/2017,2.1901,"4,451,864"
06/03/2017,06/07/2017,05/13/2017,2.1181,"4,855,903"
06/03/2017,06/07/2017,05/06/2017,2.1052,"5,357,411"
05/27/2017,06/01/2017,04/29/2017,2.0891,"3,658,272"
05/27/2017,06/01/2017,05/06/2017,2.1052,"5,357,411"
05/27/2017,06/01/2017,05/13/2017,2.1181,"4,855,903"
05/27/2017,06/01/2017,05/20/2017,2.1881,"4,526,820"
05/27/2017,06/01/2017,05/27/2017,2.2971,"3,274,263"
05/20/2017,05/24/2017,05/20/2017,2.1881,"4,526,820"
05/20/2017,05/24/2017,05/13/2017,2.1181,"4,814,566"
05/20/2017,05/24/2017,05/06/2017,2.1054,"5,357,411"
05/20/2017,05/24/2017,04/29/2017,2.0891,"3,658,327"
05/20/2017,05/24/2017,04/22/2017,2.1088,"3,633,411"
05/13/2017,05/17/2017,04/15/2017,2.1339,"3,889,053"
05/13/2017,05/17/2017,04/22/2017,2.1088,"3,633,411"
05/13/2017,05/17/2017,04/29/2017,2.0891,"3,658,326"
05/13/2017,05/17/2017,05/06/2017,2.1054,"5,357,410"
05/13/2017,05/17/2017,05/13/2017,2.1181,"4,814,566"
05/06/2017,05/10/2017,05/06/2017,2.1058,"5,156,296"
05/06/2017,05/10/2017,04/29/2017,2.0892,"3,616,989"
05/06/2017,05/10/2017,04/22/2017,2.1088,"3,633,411"
05/06/2017,05/10/2017,04/15/2017,2.1339,"3,889,053"
05/06/2017,05/10/2017,04/08/2017,2.1299,"3,841,628"
04/29/2017,05/03/2017,04/01/2017,2.1456,"4,974,519"
04/29/2017,05/03/2017,04/08/2017,2.1299,"3,841,628"
04/29/2017,05/03/2017,04/15/2017,2.1339,"3,889,053"
04/29/2017,05/03/2017,04/22/2017,2.1088,"3,633,411"
04/29/2017,05/03/2017,04/29/2017,2.0892,"3,616,989"
04/22/2017,04/26/2017,04/22/2017,2.1088,"3,633,411"
04/22/2017,04/26/2017,04/15/2017,2.1331,"3,844,961"
04/22/2017,04/26/2017,04/08/2017,2.1299,"3,841,683"
04/22/2017,04/26/2017,04/01/2017,2.1456,"4,974,519"
04/22/2017,04/26/2017,03/25/2017,2.1656,"4,754,106"
04/15/2017,04/19/2017,03/18/2017,2.1915,"4,341,691"
04/15/2017,04/19/2017,03/25/2017,2.1656,"4,754,106"
04/15/2017,04/19/2017,04/01/2017,2.1456,"4,974,519"
04/15/2017,04/19/2017,04/08/2017,2.1299,"3,841,683"
04/15/2017,04/19/2017,04/15/2017,2.1331,"3,844,961"
04/08/2017,04/12/2017,04/08/2017,2.1282,"3,759,121"
04/08/2017,04/12/2017,04/01/2017,2.1456,"4,974,519"
04/08/2017,04/12/2017,03/25/2017,2.1656,"4,754,106"
04/08/2017,04/12/2017,03/18/2017,2.1915,"4,341,691"
04/08/2017,04/12/2017,03/11/2017,2.1897,"4,237,967"
04/01/2017,04/05/2017,03/04/2017,2.1553,"5,755,218"
04/01/2017,04/05/2017,03/11/2017,2.1897,"4,237,967"
04/01/2017,04/05/2017,03/18/2017,2.1915,"4,341,691"
04/01/2017,04/05/2017,03/25/2017,2.1656,"4,754,106"
04/01/2017,04/05/2017,04/01/2017,2.1456,"4,974,519"
03/25/2017,03/29/2017,03/25/2017,2.1658,"4,693,479"
03/25/2017,03/29/2017,03/18/2017,2.1915,"4,341,691"
03/25/2017,03/29/2017,03/11/2017,2.1897,"4,237,967"
03/25/2017,03/29/2017,03/04/2017,2.1553,"5,755,218"
03/25/2017,03/29/2017,02/25/2017,2.1383,"7,462,129"
03/18/2017,03/22/2017,02/18/2017,2.1624,"4,745,862"
03/18/2017,03/22/2017,02/25/2017,2.1383,"7,462,129"
03/18/2017,03/22/2017,03/04/2017,2.1560,"5,796,555"
03/18/2017,03/22/2017,03/11/2017,2.1897,"4,237,967"
03/18/2017,03/22/2017,03/18/2017,2.1969,"3,964,704"
03/11/2017,03/15/2017,03/11/2017,2.1898,"4,196,631"
03/11/2017,03/15/2017,03/04/2017,2.1560,"5,796,665"
03/11/2017,03/15/2017,02/25/2017,2.1383,"7,462,129"
03/11/2017,03/15/2017,02/18/2017,2.1624,"4,745,862"
03/11/2017,03/15/2017,02/11/2017,2.2149,"4,582,162"
03/04/2017,03/08/2017,02/04/2017,2.2292,"3,142,784"
03/04/2017,03/08/2017,02/11/2017,2.2148,"4,580,178"
03/04/2017,03/08/2017,02/18/2017,2.1624,"4,745,862"
03/04/2017,03/08/2017,02/25/2017,2.1383,"7,462,129"
03/04/2017,03/08/2017,03/04/2017,2.1560,"5,796,665"
02/25/2017,03/01/2017,02/25/2017,2.1383,"7,462,129"
02/25/2017,03/01/2017,02/18/2017,2.1624,"4,745,862"
02/25/2017,03/01/2017,02/11/2017,2.2148,"4,580,178"
02/25/2017,03/01/2017,02/04/2017,2.2292,"3,142,784"
02/25/2017,03/01/2017,01/28/2017,2.2557,"4,126,967"
02/18/2017,02/23/2017,01/21/2017,2.2711,"3,198,101"
02/18/2017,02/23/2017,01/28/2017,2.2557,"4,126,967"
02/18/2017,02/23/2017,02/04/2017,2.2292,"3,142,784"
02/18/2017,02/23/2017,02/11/2017,2.2148,"4,580,178"
02/18/2017,02/23/2017,02/18/2017,2.1640,"4,829,637"
02/11/2017,02/15/2017,02/11/2017,2.2148,"4,580,178"
02/11/2017,02/15/2017,02/04/2017,2.2292,"3,142,784"
02/11/2017,02/15/2017,01/28/2017,2.2557,"4,126,967"
02/11/2017,02/15/2017,01/21/2017,2.2711,"3,198,101"
02/11/2017,02/15/2017,01/14/2017,2.2330,"4,350,861"
02/04/2017,02/08/2017,01/07/2017,2.2737,"3,721,184"
02/04/2017,02/08/2017,01/14/2017,2.2330,"4,350,861"
02/04/2017,02/08/2017,01/21/2017,2.2711,"3,198,101"
02/04/2017,02/08/2017,01/28/2017,2.2557,"4,126,967"
02/04/2017,02/08/2017,02/04/2017,2.2292,"3,142,784"
01/28/2017,02/01/2017,01/28/2017,2.2557,"4,144,604"
01/28/2017,02/01/2017,01/21/2017,2.2711,"3,198,101"
01/28/2017,02/01/2017,01/14/2017,2.2330,"4,350,861"
01/28/2017,02/01/2017,01/07/2017,2.2737,"3,721,184"
01/28/2017,02/01/2017,12/31/2016,2.1629,"2,260,406"
01/21/2017,01/25/2017,12/24/2016,2.1150,"2,526,025"
01/21/2017,01/25/2017,12/31/2016,2.1629,"2,260,406"
01/21/2017,01/25/2017,01/07/2017,2.2737,"3,721,184"
01/21/2017,01/25/2017,01/14/2017,2.2330,"4,350,861"
01/21/2017,01/25/2017,01/21/2017,2.2711,"3,198,101"
01/14/2017,01/19/2017,01/14/2017,2.2329,"4,309,525"
01/14/2017,01/19/2017,01/07/2017,2.2737,"3,721,184"
01/14/2017,01/19/2017,12/31/2016,2.1629,"2,260,406"
01/14/2017,01/19/2017,12/24/2016,2.1150,"2,526,025"
01/14/2017,01/19/2017,12/17/2016,2.0974,"3,761,496"
01/07/2017,01/11/2017,12/10/2016,2.1064,"3,952,316"
01/07/2017,01/11/2017,12/17/2016,2.0974,"3,761,496"
01/07/2017,01/11/2017,12/24/2016,2.1150,"2,526,025"
01/07/2017,01/11/2017,12/31/2016,2.1629,"2,260,406"
01/07/2017,01/11/2017,01/07/2017,2.2742,"3,595,521"
12/31/2016,01/05/2017,12/31/2016,2.1627,"2,254,894"
12/31/2016,01/05/2017,12/24/2016,2.1150,"2,526,025"
12/31/2016,01/05/2017,12/17/2016,2.0974,"3,761,551"
12/31/2016,01/05/2017,12/10/2016,2.1064,"3,952,316"
12/31/2016,01/05/2017,12/03/2016,2.0373,"3,112,346"
12/24/2016,12/29/2016,11/26/2016,1.9980,"1,819,721"
12/24/2016,12/29/2016,12/03/2016,2.0373,"3,112,346"
12/24/2016,12/29/2016,12/10/2016,2.1057,"3,910,429"
12/24/2016,12/29/2016,12/17/2016,2.0974,"3,753,284"
12/24/2016,12/29/2016,12/24/2016,2.1150,"2,526,025"
12/17/2016,12/21/2016,12/17/2016,2.0974,"3,753,284"
12/17/2016,12/21/2016,12/10/2016,2.1057,"3,910,429"
12/17/2016,12/21/2016,12/03/2016,2.0374,"3,113,943"
12/17/2016,12/21/2016,11/26/2016,1.9980,"1,819,721"
12/17/2016,12/21/2016,11/19/2016,1.9417,"2,156,670"
12/10/2016,12/14/2016,11/12/2016,1.8898,"2,548,339"
12/10/2016,12/14/2016,11/19/2016,1.9417,"2,156,670"
12/10/2016,12/14/2016,11/26/2016,1.9980,"1,819,721"
12/10/2016,12/14/2016,12/03/2016,2.0374,"3,113,943"
12/10/2016,12/14/2016,12/10/2016,2.1053,"3,869,093"
12/03/2016,12/07/2016,12/03/2016,2.0406,"2,948,654"
12/03/2016,12/07/2016,11/26/2016,1.9980,"1,819,721"
12/03/2016,12/07/2016,11/19/2016,1.9417,"2,156,670"
12/03/2016,12/07/2016,11/12/2016,1.8898,"2,548,339"
12/03/2016,12/07/2016,11/05/2016,1.8683,"4,521,491"
11/26/2016,11/30/2016,10/29/2016,1.8185,"3,015,260"
11/26/2016,11/30/2016,11/05/2016,1.8683,"4,521,491"
11/26/2016,11/30/2016,11/12/2016,1.8898,"2,548,339"
11/26/2016,11/30/2016,11/19/2016,1.9430,"2,156,670"
11/26/2016,11/30/2016,11/26/2016,1.9980,"1,819,721"
11/19/2016,11/23/2016,11/19/2016,1.9430,"2,156,670"
11/19/2016,11/23/2016,11/12/2016,1.8898,"2,548,339"
11/19/2016,11/23/2016,11/05/2016,1.8683,"4,521,491"
11/19/2016,11/23/2016,10/29/2016,1.8185,"3,015,260"
11/19/2016,11/23/2016,10/22/2016,1.8405,"2,869,450"
11/12/2016,11/16/2016,10/15/2016,1.8514,"6,798,990"
11/12/2016,11/16/2016,10/22/2016,1.8405,"2,869,450"
11/12/2016,11/16/2016,10/29/2016,1.8185,"3,015,260"
11/12/2016,11/16/2016,11/05/2016,1.8683,"4,521,491"
11/12/2016,11/16/2016,11/12/2016,1.8898,"2,548,339"
11/05/2016,11/09/2016,11/05/2016,1.8684,"3,783,942"
11/05/2016,11/09/2016,10/29/2016,1.8185,"3,015,260"
11/05/2016,11/09/2016,10/22/2016,1.8405,"2,869,450"
11/05/2016,11/09/2016,10/15/2016,1.8514,"6,798,990"
11/05/2016,11/09/2016,10/08/2016,1.9467,"3,443,749"
10/29/2016,11/02/2016,10/01/2016,2.0494,"2,435,028"
10/29/2016,11/02/2016,10/08/2016,1.9471,"3,442,867"
10/29/2016,11/02/2016,10/15/2016,1.8514,"6,798,990"
10/29/2016,11/02/2016,10/22/2016,1.8405,"2,869,450"
10/29/2016,11/02/2016,10/29/2016,1.8185,"3,015,260"
10/22/2016,10/26/2016,10/22/2016,1.8405,"2,869,450"
10/22/2016,10/26/2016,10/15/2016,1.8515,"6,798,880"
10/22/2016,10/26/2016,10/08/2016,1.9471,"3,442,867"
10/22/2016,10/26/2016,10/01/2016,2.0494,"2,435,028"
10/22/2016,10/26/2016,09/24/2016,2.0341,"2,721,034"
10/15/2016,10/19/2016,09/17/2016,2.0621,"2,684,687"
10/15/2016,10/19/2016,09/24/2016,2.0341,"2,721,034"
10/15/2016,10/19/2016,10/01/2016,2.0494,"2,435,028"
10/15/2016,10/19/2016,10/08/2016,1.9471,"3,442,867"
10/15/2016,10/19/2016,10/15/2016,1.8527,"6,639,047"
10/08/2016,10/13/2016,10/08/2016,1.9477,"3,442,870"
10/08/2016,10/13/2016,10/01/2016,2.0494,"2,435,028"
10/08/2016,10/13/2016,09/24/2016,2.0341,"2,721,037"
10/08/2016,10/13/2016,09/17/2016,2.0621,"2,684,690"
10/08/2016,10/13/2016,09/10/2016,2.1117,"2,591,357"
10/01/2016,10/05/2016,09/03/2016,2.1275,"2,624,761"
10/01/2016,10/05/2016,09/10/2016,2.1117,"2,591,357"
10/01/2016,10/05/2016,09/17/2016,2.0650,"2,524,966"
10/01/2016,10/05/2016,09/24/2016,2.0342,"2,715,525"
10/01/2016,10/05/2016,10/01/2016,2.0490,"2,461,483"
09/24/2016,09/28/2016,09/24/2016,2.0342,"2,715,525"
09/24/2016,09/28/2016,09/17/2016,2.0650,"2,524,966"
09/24/2016,09/28/2016,09/10/2016,2.1117,"2,591,357"
09/24/2016,09/28/2016,09/03/2016,2.1275,"2,624,761"
09/24/2016,09/28/2016,08/27/2016,2.2202,"2,552,651"
09/17/2016,09/21/2016,08/20/2016,2.2444,"3,111,520"
09/17/2016,09/21/2016,08/27/2016,2.2202,"2,552,651"
09/17/2016,09/21/2016,09/03/2016,2.1275,"2,624,761"
09/17/2016,09/21/2016,09/10/2016,2.1117,"2,591,357"
09/17/2016,09/21/2016,09/17/2016,2.0658,"2,483,685"
09/10/2016,09/14/2016,09/10/2016,2.0982,"1,974,896"
09/10/2016,09/14/2016,09/03/2016,2.1204,"2,423,041"
09/10/2016,09/14/2016,08/27/2016,2.2202,"2,552,706"
09/10/2016,09/14/2016,08/20/2016,2.2444,"3,111,520"
09/10/2016,09/14/2016,08/13/2016,2.2183,"3,380,469"
09/03/2016,09/08/2016,08/06/2016,2.2156,"2,575,249"
09/03/2016,09/08/2016,08/13/2016,2.2183,"3,380,469"
09/03/2016,09/08/2016,08/20/2016,2.2444,"3,111,520"
09/03/2016,09/08/2016,08/27/2016,2.2202,"2,552,706"
09/03/2016,09/08/2016,09/03/2016,2.1204,"2,423,041"
08/27/2016,08/31/2016,08/27/2016,2.2210,"2,470,033"
08/27/2016,08/31/2016,08/20/2016,2.2444,"3,111,520"
08/27/2016,08/31/2016,08/13/2016,2.2188,"3,421,805"
08/27/2016,08/31/2016,08/06/2016,2.2154,"2,575,249"
08/27/2016,08/31/2016,07/30/2016,2.2938,"3,839,467"
08/20/2016,08/24/2016,07/23/2016,2.3056,"3,855,043"
08/20/2016,08/24/2016,07/30/2016,2.2938,"3,839,467"
08/20/2016,08/24/2016,08/06/2016,2.2154,"2,575,249"
08/20/2016,08/24/2016,08/13/2016,2.2188,"3,421,805"
08/20/2016,08/24/2016,08/20/2016,2.2465,"2,987,566"
08/13/2016,08/17/2016,08/13/2016,2.2188,"3,421,805"
08/13/2016,08/17/2016,08/06/2016,2.2154,"2,575,249"
08/13/2016,08/17/2016,07/30/2016,2.2938,"3,839,467"
08/13/2016,08/17/2016,07/23/2016,2.3056,"3,855,043"
08/13/2016,08/17/2016,07/16/2016,2.3081,"2,985,685"
08/06/2016,08/10/2016,07/09/2016,2.3424,"2,734,661"
08/06/2016,08/10/2016,07/16/2016,2.3081,"2,985,685"
08/06/2016,08/10/2016,07/23/2016,2.3056,"3,855,043"
08/06/2016,08/10/2016,07/30/2016,2.2938,"3,839,467"
08/06/2016,08/10/2016,08/06/2016,2.2188,"2,333,579"
07/30/2016,08/03/2016,07/30/2016,2.2938,"3,840,238"
07/30/2016,08/03/2016,07/23/2016,2.3056,"3,855,043"
07/30/2016,08/03/2016,07/16/2016,2.3081,"2,985,685"
07/30/2016,08/03/2016,07/09/2016,2.3424,"2,734,661"
07/30/2016,08/03/2016,07/02/2016,2.3401,"2,829,292"
07/23/2016,07/27/2016,06/25/2016,2.3046,"3,240,579"
07/23/2016,07/27/2016,07/02/2016,2.3401,"2,829,292"
07/23/2016,07/27/2016,07/09/2016,2.3424,"2,734,661"
07/23/2016,07/27/2016,07/16/2016,2.3081,"2,985,685"
07/23/2016,07/27/2016,07/23/2016,2.3098,"4,060,566"
07/16/2016,07/20/2016,07/16/2016,2.3081,"2,985,685"
07/16/2016,07/20/2016,07/09/2016,2.3424,"2,734,661"
07/16/2016,07/20/2016,07/02/2016,2.3401,"2,829,292"
07/16/2016,07/20/2016,06/25/2016,2.3046,"3,240,579"
07/16/2016,07/20/2016,06/18/2016,2.1852,"3,485,127"
07/09/2016,07/13/2016,06/11/2016,2.0928,"3,855,418"
07/09/2016,07/13/2016,06/18/2016,2.1852,"3,485,127"
07/09/2016,07/13/2016,06/25/2016,2.3046,"3,240,579"
07/09/2016,07/13/2016,07/02/2016,2.3401,"2,829,292"
07/09/2016,07/13/2016,07/09/2016,2.3446,"2,575,103"
07/02/2016,07/07/2016,07/02/2016,2.3484,"2,350,674"
07/02/2016,07/07/2016,06/25/2016,2.3046,"3,240,579"
07/02/2016,07/07/2016,06/18/2016,2.1852,"3,485,127"
07/02/2016,07/07/2016,06/11/2016,2.0928,"3,855,418"
07/02/2016,07/07/2016,06/04/2016,2.0689,"2,923,913"
06/25/2016,06/29/2016,05/28/2016,2.0526,"4,656,718"
06/25/2016,06/29/2016,06/04/2016,2.0690,"2,924,905"
06/25/2016,06/29/2016,06/11/2016,2.0928,"3,855,418"
06/25/2016,06/29/2016,06/18/2016,2.1852,"3,485,127"
06/25/2016,06/29/2016,06/25/2016,2.3046,"3,240,579"
06/18/2016,06/22/2016,06/18/2016,2.1926,"2,983,965"
06/18/2016,06/22/2016,06/11/2016,2.0920,"3,855,859"
06/18/2016,06/22/2016,06/04/2016,2.0690,"2,924,905"
06/18/2016,06/22/2016,05/28/2016,2.0526,"4,656,718"
06/18/2016,06/22/2016,05/21/2016,2.0495,"3,613,678"
06/11/2016,06/15/2016,05/14/2016,2.0521,"3,023,421"
06/11/2016,06/15/2016,05/21/2016,2.0495,"3,613,678"
06/11/2016,06/15/2016,05/28/2016,2.0526,"4,656,718"
06/11/2016,06/15/2016,06/04/2016,2.0690,"2,924,905"
06/11/2016,06/15/2016,06/11/2016,2.0920,"3,855,859"
06/04/2016,06/08/2016,06/04/2016,2.0777,"2,089,913"
06/04/2016,06/08/2016,05/28/2016,2.0526,"4,656,718"
06/04/2016,06/08/2016,05/21/2016,2.0495,"3,613,678"
06/04/2016,06/08/2016,05/14/2016,2.0521,"3,023,421"
06/04/2016,06/08/2016,05/07/2016,2.0685,"3,580,303"
05/28/2016,06/02/2016,04/30/2016,2.0719,"3,353,247"
05/28/2016,06/02/2016,05/07/2016,2.0734,"3,580,303"
05/28/2016,06/02/2016,05/14/2016,2.0521,"3,023,421"
05/28/2016,06/02/2016,05/21/2016,2.0495,"3,613,678"
05/28/2016,06/02/2016,05/28/2016,2.0563,"4,171,706"
05/21/2016,05/25/2016,05/21/2016,2.0495,"3,613,678"
05/21/2016,05/25/2016,05/14/2016,2.0521,"3,023,421"
05/21/2016,05/25/2016,05/07/2016,2.0727,"3,622,193"
05/21/2016,05/25/2016,04/30/2016,2.0719,"3,353,410"
05/21/2016,05/25/2016,04/23/2016,2.0884,"3,401,854"
05/14/2016,05/18/2016,04/16/2016,2.0514,"5,450,493"
05/14/2016,05/18/2016,04/23/2016,2.0884,"3,401,854"
05/14/2016,05/18/2016,04/30/2016,2.0719,"3,353,410"
05/14/2016,05/18/2016,05/07/2016,2.0725,"3,622,193"
05/14/2016,05/18/2016,05/14/2016,2.0521,"3,023,421"
05/07/2016,05/11/2016,05/07/2016,2.0725,"3,622,193"
05/07/2016,05/11/2016,04/30/2016,2.0719,"3,353,410"
05/07/2016,05/11/2016,04/23/2016,2.0884,"3,401,854"
05/07/2016,05/11/2016,04/16/2016,2.0514,"5,450,493"
05/07/2016,05/11/2016,04/09/2016,1.9553,"4,261,594"
04/30/2016,05/04/2016,04/02/2016,1.9536,"4,817,119"
04/30/2016,05/04/2016,04/09/2016,1.9553,"4,261,594"
04/30/2016,05/04/2016,04/16/2016,2.0514,"5,450,493"
04/30/2016,05/04/2016,04/23/2016,2.0884,"3,401,854"
04/30/2016,05/04/2016,04/30/2016,2.0719,"3,353,410"
04/23/2016,04/27/2016,04/23/2016,2.0884,"3,401,854"
04/23/2016,04/27/2016,04/16/2016,2.0514,"5,450,493"
04/23/2016,04/27/2016,04/09/2016,1.9553,"4,261,594"
04/23/2016,04/27/2016,04/02/2016,1.9536,"4,817,230"
04/23/2016,04/27/2016,03/26/2016,1.9448,"4,594,048"
04/16/2016,04/20/2016,03/19/2016,1.9930,"4,902,434"
04/16/2016,04/20/2016,03/26/2016,1.9448,"4,594,048"
04/16/2016,04/20/2016,04/02/2016,1.9536,"4,817,230"
04/16/2016,04/20/2016,04/09/2016,1.9553,"4,261,594"
04/16/2016,04/20/2016,04/16/2016,2.0514,"5,450,493"
04/09/2016,04/13/2016,04/09/2016,1.9553,"4,261,594"
04/09/2016,04/13/2016,04/02/2016,1.9536,"4,817,230"
04/09/2016,04/13/2016,03/26/2016,1.9448,"4,594,048"
04/09/2016,04/13/2016,03/19/2016,1.9929,"4,900,450"
04/09/2016,04/13/2016,03/12/2016,2.0003,"3,819,313"
04/02/2016,04/06/2016,03/05/2016,2.0309,"3,963,381"
04/02/2016,04/06/2016,03/12/2016,2.0003,"3,819,313"
04/02/2016,04/06/2016,03/19/2016,1.9929,"4,900,450"
04/02/2016,04/06/2016,03/26/2016,1.9448,"4,594,048"
04/02/2016,04/06/2016,04/02/2016,1.9545,"4,693,221"
03/26/2016,03/30/2016,03/26/2016,1.9448,"4,594,048"
03/26/2016,03/30/2016,03/19/2016,1.9929,"4,900,505"
03/26/2016,03/30/2016,03/12/2016,2.0004,"3,819,313"
03/26/2016,03/30/2016,03/05/2016,2.0309,"3,963,381"
03/26/2016,03/30/2016,02/27/2016,2.0737,"4,146,845"
03/19/2016,03/23/2016,02/20/2016,2.1303,"5,463,976"
03/19/2016,03/23/2016,02/27/2016,2.0737,"4,146,845"
03/19/2016,03/23/2016,03/05/2016,2.0309,"3,963,381"
03/19/2016,03/23/2016,03/12/2016,2.0004,"3,819,313"
03/19/2016,03/23/2016,03/19/2016,1.9940,"4,740,672"
03/12/2016,03/16/2016,03/12/2016,2.0004,"3,819,313"
03/12/2016,03/16/2016,03/05/2016,2.0309,"3,963,381"
03/12/2016,03/16/2016,02/27/2016,2.0737,"4,146,845"
03/12/2016,03/16/2016,02/20/2016,2.1303,"5,463,315"
03/12/2016,03/16/2016,02/13/2016,2.1527,"4,959,124"
03/05/2016,03/09/2016,02/06/2016,2.1704,"5,002,912"
03/05/2016,03/09/2016,02/13/2016,2.1496,"4,959,124"
03/05/2016,03/09/2016,02/20/2016,2.1303,"5,463,315"
03/05/2016,03/09/2016,02/27/2016,2.0737,"4,146,845"
03/05/2016,03/09/2016,03/05/2016,2.0330,"3,680,475"
02/27/2016,03/02/2016,02/27/2016,2.0737,"4,146,845"
02/27/2016,03/02/2016,02/20/2016,2.1329,"5,210,395"
02/27/2016,03/02/2016,02/13/2016,2.1514,"4,916,851"
02/27/2016,03/02/2016,02/06/2016,2.1720,"5,002,912"
02/27/2016,03/02/2016,01/30/2016,2.1500,"3,594,984"
02/20/2016,02/24/2016,01/23/2016,2.1111,"5,001,921"
02/20/2016,02/24/2016,01/30/2016,2.1500,"3,594,984"
02/20/2016,02/24/2016,02/06/2016,2.1720,"5,002,912"
02/20/2016,02/24/2016,02/13/2016,2.1514,"4,916,851"
02/20/2016,02/24/2016,02/20/2016,2.1329,"5,210,395"
02/13/2016,02/18/2016,02/13/2016,2.1514,"4,916,851"
02/13/2016,02/18/2016,02/06/2016,2.1720,"5,002,912"
02/13/2016,02/18/2016,01/30/2016,2.1500,"3,596,692"
02/13/2016,02/18/2016,01/23/2016,2.1111,"5,001,921"
02/13/2016,02/18/2016,01/16/2016,2.0411,"4,943,955"
02/06/2016,02/10/2016,01/09/2016,2.0443,"4,806,481"
02/06/2016,02/10/2016,01/16/2016,2.0411,"4,944,338"
02/06/2016,02/10/2016,01/23/2016,2.1113,"5,001,921"
02/06/2016,02/10/2016,01/30/2016,2.1500,"3,596,687"
02/06/2016,02/10/2016,02/06/2016,2.1720,"5,002,906"
01/30/2016,02/03/2016,01/30/2016,2.1500,"3,596,687"
01/30/2016,02/03/2016,01/23/2016,2.1109,"5,001,921"
01/30/2016,02/03/2016,01/16/2016,2.0420,"5,028,057"
01/30/2016,02/03/2016,01/09/2016,2.0456,"4,806,480"
01/30/2016,02/03/2016,01/02/2016,2.0411,"3,595,507"
01/23/2016,01/27/2016,12/26/2015,2.0664,"3,699,213"
01/23/2016,01/27/2016,01/02/2016,2.0411,"3,595,507"
01/23/2016,01/27/2016,01/09/2016,2.0456,"4,806,480"
01/23/2016,01/27/2016,01/16/2016,2.0419,"4,858,745"
01/23/2016,01/27/2016,01/23/2016,2.1117,"4,842,308"
01/16/2016,01/21/2016,01/16/2016,2.0427,"4,693,400"
01/16/2016,01/21/2016,01/09/2016,2.0457,"4,765,254"
01/16/2016,01/21/2016,01/02/2016,2.0411,"3,595,507"
01/16/2016,01/21/2016,12/26/2015,2.0664,"3,699,268"
01/16/2016,01/21/2016,12/19/2015,2.4649,"2,990,807"
01/09/2016,01/13/2016,12/12/2015,2.8560,"3,569,703"
01/09/2016,01/13/2016,12/19/2015,2.4649,"2,990,807"
01/09/2016,01/13/2016,12/26/2015,2.0664,"3,699,323"
01/09/2016,01/13/2016,01/02/2016,2.0411,"3,595,507"
01/09/2016,01/13/2016,01/09/2016,2.0459,"4,723,918"
01/02/2016,01/06/2016,01/02/2016,2.0411,"3,595,507"
01/02/2016,01/06/2016,12/26/2015,2.0664,"3,699,323"
01/02/2016,01/06/2016,12/19/2015,2.4642,"2,996,042"
01/02/2016,01/06/2016,12/12/2015,2.8567,"3,610,874"
01/02/2016,01/06/2016,12/05/2015,2.8806,"3,270,168"
12/26/2015,12/30/2015,11/28/2015,2.8853,"2,059,717"
12/26/2015,12/30/2015,12/05/2015,2.8806,"3,270,168"
12/26/2015,12/30/2015,12/12/2015,2.8567,"3,610,874"
12/26/2015,12/30/2015,12/19/2015,2.4642,"2,996,042"
12/26/2015,12/30/2015,12/26/2015,2.0710,"3,451,378"
12/19/2015,12/23/2015,12/19/2015,2.4642,"2,996,042"
12/19/2015,12/23/2015,12/12/2015,2.8567,"3,610,874"
12/19/2015,12/23/2015,12/05/2015,2.8806,"3,270,168"
12/19/2015,12/23/2015,11/28/2015,2.8853,"2,065,229"
12/19/2015,12/23/2015,11/21/2015,2.8885,"3,385,150"
12/12/2015,12/16/2015,11/14/2015,2.8223,"3,315,451"
12/12/2015,12/16/2015,11/21/2015,2.8885,"3,385,150"
12/12/2015,12/16/2015,11/28/2015,2.8853,"2,065,284"
12/12/2015,12/16/2015,12/05/2015,2.8806,"3,270,168"
12/12/2015,12/16/2015,12/12/2015,2.8567,"3,610,874"
12/05/2015,12/09/2015,12/05/2015,2.8813,"3,352,510"
12/05/2015,12/09/2015,11/28/2015,2.8866,"2,150,381"
12/05/2015,12/09/2015,11/21/2015,2.8885,"3,386,638"
12/05/2015,12/09/2015,11/14/2015,2.8223,"3,315,451"
12/05/2015,12/09/2015,11/07/2015,2.6718,"4,383,463"
11/28/2015,12/02/2015,10/31/2015,2.4785,"3,044,032"
11/28/2015,12/02/2015,11/07/2015,2.6718,"4,383,463"
11/28/2015,12/02/2015,11/14/2015,2.8223,"3,316,443"
11/28/2015,12/02/2015,11/21/2015,2.8886,"3,390,055"
11/28/2015,12/02/2015,11/28/2015,2.8867,"2,155,617"
11/21/2015,11/25/2015,11/21/2015,2.8880,"3,307,382"
11/21/2015,11/25/2015,11/14/2015,2.8224,"3,319,364"
11/21/2015,11/25/2015,11/07/2015,2.6718,"4,383,463"
11/21/2015,11/25/2015,10/31/2015,2.4785,"3,044,032"
11/21/2015,11/25/2015,10/24/2015,2.4379,"4,189,717"
11/14/2015,11/18/2015,10/17/2015,2.4277,"3,976,646"
11/14/2015,11/18/2015,10/24/2015,2.4379,"4,189,717"
11/14/2015,11/18/2015,10/31/2015,2.4791,"3,044,032"
11/14/2015,11/18/2015,11/07/2015,2.6703,"4,344,937"
11/14/2015,11/18/2015,11/14/2015,2.8215,"3,278,028"
11/07/2015,11/12/2015,11/07/2015,2.6209,"3,358,654"
11/07/2015,11/12/2015,10/31/2015,2.4791,"3,044,032"
11/07/2015,11/12/2015,10/24/2015,2.4379,"4,189,717"
11/07/2015,11/12/2015,10/17/2015,2.4277,"3,976,646"
11/07/2015,11/12/2015,10/10/2015,2.6577,"3,906,008"
10/31/2015,11/04/2015,10/03/2015,2.8648,"3,793,650"
10/31/2015,11/04/2015,10/10/2015,2.6577,"3,906,008"
10/31/2015,11/04/2015,10/17/2015,2.4277,"3,976,646"
10/31/2015,11/04/2015,10/24/2015,2.4379,"4,189,717"
10/31/2015,11/04/2015,10/31/2015,2.4791,"3,044,032"
10/24/2015,10/28/2015,10/24/2015,2.4379,"4,189,717"
10/24/2015,10/28/2015,10/17/2015,2.4331,"4,016,329"
10/24/2015,10/28/2015,10/10/2015,2.6576,"3,910,417"
10/24/2015,10/28/2015,10/03/2015,2.8636,"3,835,041"
10/24/2015,10/28/2015,09/26/2015,2.6431,"4,318,138"
10/17/2015,10/21/2015,09/19/2015,2.4862,"4,268,235"
10/17/2015,10/21/2015,09/26/2015,2.6431,"4,318,138"
10/17/2015,10/21/2015,10/03/2015,2.8636,"3,835,041"
10/17/2015,10/21/2015,10/10/2015,2.6576,"3,910,417"
10/17/2015,10/21/2015,10/17/2015,2.4352,"3,933,712"
10/10/2015,10/15/2015,10/10/2015,2.6612,"3,869,081"
10/10/2015,10/15/2015,10/03/2015,2.8626,"3,835,041"
10/10/2015,10/15/2015,09/26/2015,2.6431,"4,318,248"
10/10/2015,10/15/2015,09/19/2015,2.4861,"4,266,251"
10/10/2015,10/15/2015,09/12/2015,2.3653,"3,510,940"
10/03/2015,10/07/2015,09/05/2015,2.2395,"3,702,102"
10/03/2015,10/07/2015,09/12/2015,2.3653,"3,510,940"
10/03/2015,10/07/2015,09/19/2015,2.4861,"4,266,251"
10/03/2015,10/07/2015,09/26/2015,2.6432,"4,359,584"
10/03/2015,10/07/2015,10/03/2015,2.8655,"3,782,737"
09/26/2015,09/30/2015,09/26/2015,2.6432,"4,359,584"
09/26/2015,09/30/2015,09/19/2015,2.4861,"4,263,498"
09/26/2015,09/30/2015,09/12/2015,2.3653,"3,510,943"
09/26/2015,09/30/2015,09/05/2015,2.2395,"3,702,105"
09/26/2015,09/30/2015,08/29/2015,2.2203,"3,704,756"
09/19/2015,09/23/2015,08/22/2015,2.0217,"3,720,618"
09/19/2015,09/23/2015,08/29/2015,2.2206,"3,704,756"
09/19/2015,09/23/2015,09/05/2015,2.2308,"3,807,817"
09/19/2015,09/23/2015,09/12/2015,2.3562,"3,552,944"
09/19/2015,09/23/2015,09/19/2015,2.4713,"3,537,965"
09/12/2015,09/16/2015,09/12/2015,2.3562,"3,552,944"
09/12/2015,09/16/2015,09/05/2015,2.2308,"3,807,817"
09/12/2015,09/16/2015,08/29/2015,2.2206,"3,704,756"
09/12/2015,09/16/2015,08/22/2015,2.0212,"3,720,728"
09/12/2015,09/16/2015,08/15/2015,1.9832,"3,766,868"
09/05/2015,09/10/2015,08/08/2015,1.9370,"3,214,732"
09/05/2015,09/10/2015,08/15/2015,1.9832,"3,766,868"
09/05/2015,09/10/2015,08/22/2015,2.0212,"3,720,728"
09/05/2015,09/10/2015,08/29/2015,2.2206,"3,704,756"
09/05/2015,09/10/2015,09/05/2015,2.2290,"3,727,900"
08/29/2015,09/02/2015,08/29/2015,2.2206,"3,704,756"
08/29/2015,09/02/2015,08/22/2015,2.0212,"3,720,728"
08/29/2015,09/02/2015,08/15/2015,1.9832,"3,766,868"
08/29/2015,09/02/2015,08/08/2015,1.9370,"3,214,732"
08/29/2015,09/02/2015,08/01/2015,1.9059,"3,723,209"
08/22/2015,08/26/2015,07/25/2015,1.8908,"3,449,791"
08/22/2015,08/26/2015,08/01/2015,1.9060,"3,723,209"
08/22/2015,08/26/2015,08/08/2015,1.9370,"3,214,732"
08/22/2015,08/26/2015,08/15/2015,1.9832,"3,766,868"
08/22/2015,08/26/2015,08/22/2015,2.0210,"3,679,446"
08/15/2015,08/19/2015,08/15/2015,1.9853,"2,793,481"
08/15/2015,08/19/2015,08/08/2015,1.9370,"3,214,732"
08/15/2015,08/19/2015,08/01/2015,1.9062,"3,641,583"
08/15/2015,08/19/2015,07/25/2015,1.8908,"3,449,791"
08/15/2015,08/19/2015,07/18/2015,1.9303,"2,460,745"
08/08/2015,08/12/2015,07/11/2015,1.9356,"2,745,394"
08/08/2015,08/12/2015,07/18/2015,1.9303,"2,460,745"
08/08/2015,08/12/2015,07/25/2015,1.8908,"3,449,791"
08/08/2015,08/12/2015,08/01/2015,1.9062,"3,641,583"
08/08/2015,08/12/2015,08/08/2015,1.9346,"2,967,156"
08/01/2015,08/05/2015,08/01/2015,1.9062,"3,641,583"
08/01/2015,08/05/2015,07/25/2015,1.8908,"3,449,791"
08/01/2015,08/05/2015,07/18/2015,1.9303,"2,460,745"
08/01/2015,08/05/2015,07/11/2015,1.9356,"2,745,394"
08/01/2015,08/05/2015,07/04/2015,1.9286,"2,525,404"
07/25/2015,07/29/2015,06/27/2015,1.9037,"2,833,437"
07/25/2015,07/29/2015,07/04/2015,1.9284,"2,521,601"
07/25/2015,07/29/2015,07/11/2015,1.9356,"2,745,449"
07/25/2015,07/29/2015,07/18/2015,1.9303,"2,460,745"
07/25/2015,07/29/2015,07/25/2015,1.8930,"3,160,879"
07/18/2015,07/22/2015,07/18/2015,1.9301,"2,420,842"
07/18/2015,07/22/2015,07/11/2015,1.9356,"2,745,504"
07/18/2015,07/22/2015,07/04/2015,1.9284,"2,521,601"
07/18/2015,07/22/2015,06/27/2015,1.9037,"2,833,492"
07/18/2015,07/22/2015,06/20/2015,1.8862,"2,627,942"
07/11/2015,07/15/2015,06/13/2015,1.9361,"2,918,720"
07/11/2015,07/15/2015,06/20/2015,1.8863,"2,631,415"
07/11/2015,07/15/2015,06/27/2015,1.9037,"2,833,492"
07/11/2015,07/15/2015,07/04/2015,1.9284,"2,521,601"
07/11/2015,07/15/2015,07/11/2015,1.9353,"2,592,505"
07/04/2015,07/08/2015,07/04/2015,1.9294,"2,233,239"
07/04/2015,07/08/2015,06/27/2015,1.9037,"2,833,492"
07/04/2015,07/08/2015,06/20/2015,1.8863,"2,631,415"
07/04/2015,07/08/2015,06/13/2015,1.9362,"2,925,995"
07/04/2015,07/08/2015,06/06/2015,1.9026,"5,011,725"
06/27/2015,07/01/2015,05/30/2015,1.9110,"2,477,258"
06/27/2015,07/01/2015,06/06/2015,1.9015,"4,929,052"
06/27/2015,07/01/2015,06/13/2015,1.9364,"2,884,659"
06/27/2015,07/01/2015,06/20/2015,1.8863,"2,631,415"
06/27/2015,07/01/2015,06/27/2015,1.9037,"2,833,492"
06/20/2015,06/24/2015,06/20/2015,1.8864,"2,590,189"
06/20/2015,06/24/2015,06/13/2015,1.9364,"2,884,714"
06/20/2015,06/24/2015,06/06/2015,1.9015,"4,929,052"
06/20/2015,06/24/2015,05/30/2015,1.9110,"2,477,258"
06/20/2015,06/24/2015,05/23/2015,1.9670,"3,162,469"
06/13/2015,06/17/2015,05/16/2015,1.8803,"4,104,811"
06/13/2015,06/17/2015,05/23/2015,1.9670,"3,162,469"
06/13/2015,06/17/2015,05/30/2015,1.9110,"2,477,258"
06/13/2015,06/17/2015,06/06/2015,1.9032,"4,722,371"
06/13/2015,06/17/2015,06/13/2015,1.9345,"2,879,202"
06/06/2015,06/10/2015,06/06/2015,1.9029,"4,639,809"
06/06/2015,06/10/2015,05/30/2015,1.9110,"2,477,258"
06/06/2015,06/10/2015,05/23/2015,1.9670,"3,162,469"
06/06/2015,06/10/2015,05/16/2015,1.8803,"4,104,811"
06/06/2015,06/10/2015,05/09/2015,1.8192,"4,111,030"
05/30/2015,06/03/2015,05/02/2015,1.8044,"3,048,841"
05/30/2015,06/03/2015,05/09/2015,1.8192,"4,090,968"
05/30/2015,06/03/2015,05/16/2015,1.8803,"4,104,811"
05/30/2015,06/03/2015,05/23/2015,1.9670,"3,162,469"
05/30/2015,06/03/2015,05/30/2015,1.9110,"2,477,258"
05/23/2015,05/28/2015,05/23/2015,1.9672,"3,162,469"
05/23/2015,05/28/2015,05/16/2015,1.8811,"4,125,148"
05/23/2015,05/28/2015,05/09/2015,1.8192,"4,090,968"
05/23/2015,05/28/2015,05/02/2015,1.8044,"3,048,841"
05/23/2015,05/28/2015,04/25/2015,1.7580,"3,940,010"
05/16/2015,05/20/2015,04/18/2015,1.7342,"4,880,033"
05/16/2015,05/20/2015,04/25/2015,1.7580,"3,940,010"
05/16/2015,05/20/2015,05/02/2015,1.8038,"3,007,615"
05/16/2015,05/20/2015,05/09/2015,1.8181,"4,130,981"
05/16/2015,05/20/2015,05/16/2015,1.8767,"3,805,702"
05/09/2015,05/13/2015,05/09/2015,1.8176,"4,089,645"
05/09/2015,05/13/2015,05/02/2015,1.8049,"2,966,278"
05/09/2015,05/13/2015,04/25/2015,1.7580,"3,940,010"
05/09/2015,05/13/2015,04/18/2015,1.7342,"4,880,033"
05/09/2015,05/13/2015,04/11/2015,1.7419,"3,600,851"
05/02/2015,05/06/2015,04/04/2015,1.6977,"2,772,127"
05/02/2015,05/06/2015,04/11/2015,1.7419,"3,600,851"
05/02/2015,05/06/2015,04/18/2015,1.7342,"4,880,032"
05/02/2015,05/06/2015,04/25/2015,1.7580,"3,940,009"
05/02/2015,05/06/2015,05/02/2015,1.8049,"2,966,333"
04/25/2015,04/29/2015,04/25/2015,1.7577,"3,898,948"
04/25/2015,04/29/2015,04/18/2015,1.7345,"4,838,696"
04/25/2015,04/29/2015,04/11/2015,1.7419,"3,600,851"
04/25/2015,04/29/2015,04/04/2015,1.6977,"2,772,127"
04/25/2015,04/29/2015,03/28/2015,1.6715,"3,013,128"
04/18/2015,04/22/2015,03/21/2015,1.7082,"4,628,483"
04/18/2015,04/22/2015,03/28/2015,1.6722,"3,140,113"
04/18/2015,04/22/2015,04/04/2015,1.6977,"2,772,127"
04/18/2015,04/22/2015,04/11/2015,1.7419,"3,614,080"
04/18/2015,04/22/2015,04/18/2015,1.7351,"4,590,844"
04/11/2015,04/15/2015,04/11/2015,1.7425,"3,157,562"
04/11/2015,04/15/2015,04/04/2015,1.6977,"2,772,182"
04/11/2015,04/15/2015,03/28/2015,1.6724,"3,140,113"
04/11/2015,04/15/2015,03/21/2015,1.7082,"4,628,483"
04/11/2015,04/15/2015,03/14/2015,1.7171,"2,701,593"
04/04/2015,04/08/2015,03/07/2015,1.6816,"4,661,968"
04/04/2015,04/08/2015,03/14/2015,1.7171,"2,701,593"
04/04/2015,04/08/2015,03/21/2015,1.7082,"4,628,483"
04/04/2015,04/08/2015,03/28/2015,1.6719,"3,140,113"
04/04/2015,04/08/2015,04/04/2015,1.6973,"2,689,620"
03/28/2015,04/01/2015,03/28/2015,1.6719,"3,140,113"
03/28/2015,04/01/2015,03/21/2015,1.7082,"4,628,483"
03/28/2015,04/01/2015,03/14/2015,1.7209,"2,618,921"
03/28/2015,04/01/2015,03/07/2015,1.6813,"4,705,509"
03/28/2015,04/01/2015,02/28/2015,1.7068,"4,527,474"
03/21/2015,03/25/2015,02/21/2015,1.7117,"4,592,292"
03/21/2015,03/25/2015,02/28/2015,1.7068,"4,527,474"
03/21/2015,03/25/2015,03/07/2015,1.6813,"4,705,509"
03/21/2015,03/25/2015,03/14/2015,1.7209,"2,618,921"
03/21/2015,03/25/2015,03/21/2015,1.7082,"4,132,999"
03/14/2015,03/18/2015,03/14/2015,1.7190,"2,495,574"
03/14/2015,03/18/2015,03/07/2015,1.6813,"4,705,509"
03/14/2015,03/18/2015,02/28/2015,1.7068,"4,527,474"
03/14/2015,03/18/2015,02/21/2015,1.7117,"4,592,292"
03/14/2015,03/18/2015,02/14/2015,1.6927,"4,281,858"
03/07/2015,03/11/2015,02/07/2015,1.6300,"5,916,869"
03/07/2015,03/11/2015,02/14/2015,1.6927,"4,281,858"
03/07/2015,03/11/2015,02/21/2015,1.7117,"4,592,292"
03/07/2015,03/11/2015,02/28/2015,1.7068,"4,527,474"
03/07/2015,03/11/2015,03/07/2015,1.6832,"4,540,219"
02/28/2015,03/04/2015,02/28/2015,1.7068,"4,527,474"
02/28/2015,03/04/2015,02/21/2015,1.7117,"4,592,292"
02/28/2015,03/04/2015,02/14/2015,1.6972,"4,281,858"
02/28/2015,03/04/2015,02/07/2015,1.6300,"5,916,869"
02/28/2015,03/04/2015,01/31/2015,1.5641,"6,263,066"
02/21/2015,02/25/2015,01/24/2015,1.5531,"4,561,931"
02/21/2015,02/25/2015,01/31/2015,1.5641,"6,263,066"
02/21/2015,02/25/2015,02/07/2015,1.6300,"5,916,869"
02/21/2015,02/25/2015,02/14/2015,1.6972,"4,281,858"
02/21/2015,02/25/2015,02/21/2015,1.7119,"4,550,956"
02/14/2015,02/19/2015,02/14/2015,1.6976,"4,323,194"
02/14/2015,02/19/2015,02/07/2015,1.6300,"5,916,869"
02/14/2015,02/19/2015,01/31/2015,1.5641,"6,263,066"
02/14/2015,02/19/2015,01/24/2015,1.5531,"4,561,931"
02/14/2015,02/19/2015,01/17/2015,1.5510,"3,708,678"
02/07/2015,02/11/2015,01/10/2015,1.5529,"5,191,847"
02/07/2015,02/11/2015,01/17/2015,1.5510,"3,708,678"
02/07/2015,02/11/2015,01/24/2015,1.5548,"4,644,603"
02/07/2015,02/11/2015,01/31/2015,1.5641,"6,263,066"
02/07/2015,02/11/2015,02/07/2015,1.6287,"5,833,260"
01/31/2015,02/04/2015,01/31/2015,1.5641,"6,263,066"
01/31/2015,02/04/2015,01/24/2015,1.5548,"4,644,603"
01/31/2015,02/04/2015,01/17/2015,1.5510,"3,708,678"
01/31/2015,02/04/2015,01/10/2015,1.5529,"5,191,847"
01/31/2015,02/04/2015,01/03/2015,1.6166,"2,527,650"
01/24/2015,01/28/2015,12/27/2014,1.6584,"1,984,209"
01/24/2015,01/28/2015,01/03/2015,1.6166,"2,527,650"
01/24/2015,01/28/2015,01/10/2015,1.5529,"5,191,847"
01/24/2015,01/28/2015,01/17/2015,1.5510,"3,708,678"
01/24/2015,01/28/2015,01/24/2015,1.5550,"4,603,267"
01/17/2015,01/22/2015,01/17/2015,1.5510,"3,709,395"
01/17/2015,01/22/2015,01/10/2015,1.5529,"5,191,957"
01/17/2015,01/22/2015,01/03/2015,1.6166,"2,527,650"
01/17/2015,01/22/2015,12/27/2014,1.6584,"1,984,209"
01/17/2015,01/22/2015,12/20/2014,1.8970,"3,043,784"
01/10/2015,01/14/2015,12/13/2014,1.9561,"3,116,542"
01/10/2015,01/14/2015,12/20/2014,1.8970,"3,043,784"
01/10/2015,01/14/2015,12/27/2014,1.6584,"1,984,209"
01/10/2015,01/14/2015,01/03/2015,1.6166,"2,527,650"
01/10/2015,01/14/2015,01/10/2015,1.5558,"4,489,240"
01/03/2015,01/07/2015,01/03/2015,1.6166,"2,527,650"
01/03/2015,01/07/2015,12/27/2014,1.6584,"1,984,209"
01/03/2015,01/07/2015,12/20/2014,1.8970,"3,043,784"
01/03/2015,01/07/2015,12/13/2014,1.9561,"3,116,542"
01/03/2015,01/07/2015,12/06/2014,1.9814,"4,268,052"
12/27/2014,12/31/2014,11/29/2014,2.0043,"2,874,465"
12/27/2014,12/31/2014,12/06/2014,1.9814,"4,268,052"
12/27/2014,12/31/2014,12/13/2014,1.9561,"3,116,542"
12/27/2014,12/31/2014,12/20/2014,1.8970,"3,043,784"
12/27/2014,12/31/2014,12/27/2014,1.6618,"1,901,536"
12/20/2014,12/24/2014,12/20/2014,1.9169,"2,834,347"
12/20/2014,12/24/2014,12/13/2014,1.9561,"3,116,542"
12/20/2014,12/24/2014,12/06/2014,1.9814,"4,268,052"
12/20/2014,12/24/2014,11/29/2014,2.0043,"2,874,465"
12/20/2014,12/24/2014,11/22/2014,1.9915,"3,182,167"
12/13/2014,12/17/2014,11/15/2014,2.0004,"3,899,040"
12/13/2014,12/17/2014,11/22/2014,1.9915,"3,182,169"
12/13/2014,12/17/2014,11/29/2014,2.0043,"2,874,468"
12/13/2014,12/17/2014,12/06/2014,1.9814,"4,268,052"
12/13/2014,12/17/2014,12/13/2014,1.9557,"3,075,261"
12/06/2014,12/10/2014,12/06/2014,1.9872,"3,659,196"
12/06/2014,12/10/2014,11/29/2014,2.0046,"2,874,468"
12/06/2014,12/10/2014,11/22/2014,1.9915,"3,182,169"
12/06/2014,12/10/2014,11/15/2014,2.0004,"3,899,040"
12/06/2014,12/10/2014,11/08/2014,1.9660,"4,196,101"
11/29/2014,12/03/2014,11/01/2014,1.9882,"3,814,843"
11/29/2014,12/03/2014,11/08/2014,1.9660,"4,196,101"
11/29/2014,12/03/2014,11/15/2014,2.0004,"3,899,040"
11/29/2014,12/03/2014,11/22/2014,1.9915,"3,182,169"
11/29/2014,12/03/2014,11/29/2014,2.0046,"2,874,468"
11/22/2014,11/26/2014,11/22/2014,1.9953,"3,018,312"
11/22/2014,11/26/2014,11/15/2014,2.0004,"3,899,040"
11/22/2014,11/26/2014,11/08/2014,1.9660,"4,196,101"
11/22/2014,11/26/2014,11/01/2014,1.9882,"3,814,843"
11/22/2014,11/26/2014,10/25/2014,2.1938,"3,539,634"
11/15/2014,11/19/2014,10/18/2014,2.6983,"3,090,820"
11/15/2014,11/19/2014,10/25/2014,2.1938,"3,539,634"
11/15/2014,11/19/2014,11/01/2014,1.9882,"3,814,843"
11/15/2014,11/19/2014,11/08/2014,1.9660,"4,196,101"
11/15/2014,11/19/2014,11/15/2014,2.0013,"3,816,367"
11/08/2014,11/13/2014,11/08/2014,1.9672,"4,154,765"
11/08/2014,11/13/2014,11/01/2014,1.9882,"3,814,843"
11/08/2014,11/13/2014,10/25/2014,2.1938,"3,539,634"
11/08/2014,11/13/2014,10/18/2014,2.6983,"3,090,820"
11/08/2014,11/13/2014,10/11/2014,2.9214,"3,234,534"
11/01/2014,11/05/2014,10/04/2014,3.0130,"2,889,766"
11/01/2014,11/05/2014,10/11/2014,2.9215,"3,234,534"
11/01/2014,11/05/2014,10/18/2014,2.6983,"3,090,820"
11/01/2014,11/05/2014,10/25/2014,2.1938,"3,539,634"
11/01/2014,11/05/2014,11/01/2014,1.9882,"3,814,843"
10/25/2014,10/29/2014,10/25/2014,2.1995,"3,498,298"
10/25/2014,10/29/2014,10/18/2014,2.6983,"3,090,820"
10/25/2014,10/29/2014,10/11/2014,2.9215,"3,234,534"
10/25/2014,10/29/2014,10/04/2014,3.0130,"2,889,766"
10/25/2014,10/29/2014,09/27/2014,2.9687,"3,511,099"
10/18/2014,10/22/2014,09/20/2014,2.9225,"3,802,514"
10/18/2014,10/22/2014,09/27/2014,2.9687,"3,511,099"
10/18/2014,10/22/2014,10/04/2014,3.0130,"2,889,766"
10/18/2014,10/22/2014,10/11/2014,2.9215,"3,234,534"
10/18/2014,10/22/2014,10/18/2014,2.7366,"3,049,484"
10/11/2014,10/16/2014,10/11/2014,2.9228,"3,151,862"
10/11/2014,10/16/2014,10/04/2014,3.0130,"2,889,766"
10/11/2014,10/16/2014,09/27/2014,2.9687,"3,511,099"
10/11/2014,10/16/2014,09/20/2014,2.9225,"3,802,514"
10/11/2014,10/16/2014,09/13/2014,2.7793,"3,923,201"
10/04/2014,10/08/2014,09/06/2014,2.7508,"3,812,017"
10/04/2014,10/08/2014,09/13/2014,2.7793,"3,923,201"
10/04/2014,10/08/2014,09/20/2014,2.9225,"3,802,514"
10/04/2014,10/08/2014,09/27/2014,2.9687,"3,511,099"
10/04/2014,10/08/2014,10/04/2014,3.0130,"2,848,430"
09/27/2014,10/01/2014,09/27/2014,2.9687,"3,511,099"
09/27/2014,10/01/2014,09/20/2014,2.9225,"3,802,514"
09/27/2014,10/01/2014,09/13/2014,2.7793,"3,923,201"
09/27/2014,10/01/2014,09/06/2014,2.7508,"3,812,017"
09/27/2014,10/01/2014,08/30/2014,2.6682,"4,952,771"
09/20/2014,09/24/2014,08/23/2014,2.5385,"4,708,239"
09/20/2014,09/24/2014,08/30/2014,2.6682,"4,952,771"
09/20/2014,09/24/2014,09/06/2014,2.7508,"3,812,017"
09/20/2014,09/24/2014,09/13/2014,2.7793,"3,923,201"
09/20/2014,09/24/2014,09/20/2014,2.9224,"3,761,177"
09/13/2014,09/17/2014,09/13/2014,2.7793,"3,881,865"
09/13/2014,09/17/2014,09/06/2014,2.7508,"3,812,017"
09/13/2014,09/17/2014,08/30/2014,2.6682,"4,952,771"
09/13/2014,09/17/2014,08/23/2014,2.5385,"4,708,239"
09/13/2014,09/17/2014,08/16/2014,2.4165,"6,592,229"
09/06/2014,09/10/2014,08/09/2014,2.4676,"3,178,549"
09/06/2014,09/10/2014,08/16/2014,2.4165,"6,592,229"
09/06/2014,09/10/2014,08/23/2014,2.5385,"4,708,239"
09/06/2014,09/10/2014,08/30/2014,2.6682,"4,952,771"
09/06/2014,09/10/2014,09/06/2014,2.7512,"3,770,681"
08/30/2014,09/04/2014,08/30/2014,2.6682,"4,952,771"
08/30/2014,09/04/2014,08/23/2014,2.5385,"4,708,239"
08/30/2014,09/04/2014,08/16/2014,2.4165,"6,592,229"
08/30/2014,09/04/2014,08/09/2014,2.4676,"3,178,549"
08/30/2014,09/04/2014,08/02/2014,2.5286,"4,976,336"
08/23/2014,08/27/2014,07/26/2014,2.4131,"4,115,485"
08/23/2014,08/27/2014,08/02/2014,2.5286,"4,976,336"
08/23/2014,08/27/2014,08/09/2014,2.4676,"3,178,549"
08/23/2014,08/27/2014,08/16/2014,2.4165,"6,592,229"
08/23/2014,08/27/2014,08/23/2014,2.5389,"4,666,903"
08/16/2014,08/20/2014,08/16/2014,2.4143,"6,432,396"
08/16/2014,08/20/2014,08/09/2014,2.4676,"3,178,549"
08/16/2014,08/20/2014,08/02/2014,2.5286,"4,976,336"
08/16/2014,08/20/2014,07/26/2014,2.4131,"4,115,430"
08/16/2014,08/20/2014,07/19/2014,2.3686,"4,152,478"
08/09/2014,08/13/2014,07/12/2014,2.3113,"4,067,251"
08/09/2014,08/13/2014,07/19/2014,2.3686,"4,152,478"
08/09/2014,08/13/2014,07/26/2014,2.4131,"4,115,430"
08/09/2014,08/13/2014,08/02/2014,2.5286,"4,976,336"
08/09/2014,08/13/2014,08/09/2014,2.4807,"3,707,371"
08/02/2014,08/06/2014,08/02/2014,2.5313,"4,711,784"
08/02/2014,08/06/2014,07/26/2014,2.4131,"4,115,430"
08/02/2014,08/06/2014,07/19/2014,2.3686,"4,152,478"
08/02/2014,08/06/2014,07/12/2014,2.3113,"4,067,251"
08/02/2014,08/06/2014,07/05/2014,2.2823,"2,929,600"
07/26/2014,07/30/2014,06/28/2014,2.2083,"4,010,820"
07/26/2014,07/30/2014,07/05/2014,2.2823,"2,929,600"
07/26/2014,07/30/2014,07/12/2014,2.3113,"4,067,251"
07/26/2014,07/30/2014,07/19/2014,2.3686,"4,152,478"
07/26/2014,07/30/2014,07/26/2014,2.4109,"3,894,970"
07/19/2014,07/23/2014,07/19/2014,2.3669,"3,739,391"
07/19/2014,07/23/2014,07/12/2014,2.3113,"4,067,251"
07/19/2014,07/23/2014,07/05/2014,2.2823,"2,929,600"
07/19/2014,07/23/2014,06/28/2014,2.2083,"4,010,820"
07/19/2014,07/23/2014,06/21/2014,2.1744,"4,833,637"
07/12/2014,07/16/2014,06/14/2014,2.1836,"4,453,420"
07/12/2014,07/16/2014,06/21/2014,2.1744,"4,833,637"
07/12/2014,07/16/2014,06/28/2014,2.2083,"4,010,820"
07/12/2014,07/16/2014,07/05/2014,2.2823,"2,929,600"
07/12/2014,07/16/2014,07/12/2014,2.3120,"3,984,082"
07/05/2014,07/09/2014,07/05/2014,2.2823,"2,929,655"
07/05/2014,07/09/2014,06/28/2014,2.2083,"4,010,820"
07/05/2014,07/09/2014,06/21/2014,2.1744,"4,833,637"
07/05/2014,07/09/2014,06/14/2014,2.1836,"4,453,420"
07/05/2014,07/09/2014,06/07/2014,2.1857,"3,652,109"
06/28/2014,07/02/2014,05/31/2014,2.1261,"4,822,912"
06/28/2014,07/02/2014,06/07/2014,2.1857,"3,652,109"
06/28/2014,07/02/2014,06/14/2014,2.1836,"4,453,420"
06/28/2014,07/02/2014,06/21/2014,2.1744,"4,833,637"
06/28/2014,07/02/2014,06/28/2014,2.2095,"3,928,147"
06/21/2014,06/25/2014,06/21/2014,2.1675,"4,525,158"
06/21/2014,06/25/2014,06/14/2014,2.1836,"4,453,420"
06/21/2014,06/25/2014,06/07/2014,2.1857,"3,652,109"
06/21/2014,06/25/2014,05/31/2014,2.1261,"4,822,912"
06/21/2014,06/25/2014,05/24/2014,2.1189,"5,440,889"
06/14/2014,06/18/2014,05/17/2014,2.0554,"3,789,819"
06/14/2014,06/18/2014,05/24/2014,2.1189,"5,440,889"
06/14/2014,06/18/2014,05/31/2014,2.1261,"4,822,912"
06/14/2014,06/18/2014,06/07/2014,2.1857,"3,652,109"
06/14/2014,06/18/2014,06/14/2014,2.1836,"4,453,420"
06/07/2014,06/11/2014,06/07/2014,2.1850,"3,610,772"
06/07/2014,06/11/2014,05/31/2014,2.1293,"4,822,912"
06/07/2014,06/11/2014,05/24/2014,2.1189,"5,440,889"
06/07/2014,06/11/2014,05/17/2014,2.0554,"3,789,819"
06/07/2014,06/11/2014,05/10/2014,1.9897,"4,410,235"
05/31/2014,06/04/2014,05/03/2014,1.9042,"3,856,954"
05/31/2014,06/04/2014,05/10/2014,1.9897,"4,410,235"
05/31/2014,06/04/2014,05/17/2014,2.0554,"3,789,819"
05/31/2014,06/04/2014,05/24/2014,2.1189,"5,440,889"
05/31/2014,06/04/2014,05/31/2014,2.1293,"4,822,912"
05/24/2014,05/29/2014,05/24/2014,2.1192,"5,440,889"
05/24/2014,05/29/2014,05/17/2014,2.0580,"3,537,062"
05/24/2014,05/29/2014,05/10/2014,1.9897,"4,410,235"
05/24/2014,05/29/2014,05/03/2014,1.9042,"3,856,954"
05/24/2014,05/29/2014,04/26/2014,1.8631,"6,324,654"
05/17/2014,05/21/2014,04/19/2014,1.9628,"3,086,229"
05/17/2014,05/21/2014,04/26/2014,1.8631,"6,324,654"
05/17/2014,05/21/2014,05/03/2014,1.9042,"3,856,954"
05/17/2014,05/21/2014,05/10/2014,1.9894,"4,410,235"
05/17/2014,05/21/2014,05/17/2014,2.0544,"3,377,229"
05/10/2014,05/14/2014,05/10/2014,1.9894,"4,410,235"
05/10/2014,05/14/2014,05/03/2014,1.9042,"3,856,954"
05/10/2014,05/14/2014,04/26/2014,1.8631,"6,324,654"
05/10/2014,05/14/2014,04/19/2014,1.9628,"3,086,229"
05/10/2014,05/14/2014,04/12/2014,1.9792,"2,757,348"
05/03/2014,05/07/2014,04/05/2014,1.9593,"2,647,090"
05/03/2014,05/07/2014,04/12/2014,1.9792,"2,757,348"
05/03/2014,05/07/2014,04/19/2014,1.9628,"3,086,229"
05/03/2014,05/07/2014,04/26/2014,1.8631,"6,324,654"
05/03/2014,05/07/2014,05/03/2014,1.9036,"3,812,862"
04/26/2014,04/30/2014,04/26/2014,1.8631,"6,324,654"
04/26/2014,04/30/2014,04/19/2014,1.9628,"3,086,229"
04/26/2014,04/30/2014,04/12/2014,1.9792,"2,757,348"
04/26/2014,04/30/2014,04/05/2014,1.9593,"2,647,090"
04/26/2014,04/30/2014,03/29/2014,1.8982,"4,089,917"
04/19/2014,04/23/2014,03/22/2014,1.8500,"5,658,194"
04/19/2014,04/23/2014,03/29/2014,1.8982,"4,089,917"
04/19/2014,04/23/2014,04/05/2014,1.9593,"2,647,090"
04/19/2014,04/23/2014,04/12/2014,1.9792,"2,757,348"
04/19/2014,04/23/2014,04/19/2014,1.9632,"3,044,893"
04/12/2014,04/16/2014,04/12/2014,1.9839,"2,467,994"
04/12/2014,04/16/2014,04/05/2014,1.9593,"2,647,090"
04/12/2014,04/16/2014,03/29/2014,1.8982,"4,089,917"
04/12/2014,04/16/2014,03/22/2014,1.8500,"5,658,194"
04/12/2014,04/16/2014,03/15/2014,1.8407,"2,764,078"
04/05/2014,04/09/2014,03/08/2014,1.8246,"2,864,973"
04/05/2014,04/09/2014,03/15/2014,1.8394,"2,847,853"
04/05/2014,04/09/2014,03/22/2014,1.8500,"5,658,194"
04/05/2014,04/09/2014,03/29/2014,1.8982,"4,089,917"
04/05/2014,04/09/2014,04/05/2014,1.9697,"2,073,949"
03/29/2014,04/02/2014,03/29/2014,1.8989,"4,048,581"
03/29/2014,04/02/2014,03/22/2014,1.8500,"5,658,194"
03/29/2014,04/02/2014,03/15/2014,1.8394,"2,847,853"
03/29/2014,04/02/2014,03/08/2014,1.8246,"2,864,973"
03/29/2014,04/02/2014,03/01/2014,1.8074,"3,858,078"
03/22/2014,03/26/2014,02/22/2014,1.8243,"2,758,401"
03/22/2014,03/26/2014,03/01/2014,1.8090,"3,941,856"
03/22/2014,03/26/2014,03/08/2014,1.8244,"2,948,749"
03/22/2014,03/26/2014,03/15/2014,1.8396,"2,847,855"
03/22/2014,03/26/2014,03/22/2014,1.8506,"5,616,859"
03/15/2014,03/19/2014,03/15/2014,1.8396,"2,847,855"
03/15/2014,03/19/2014,03/08/2014,1.8223,"2,948,749"
03/15/2014,03/19/2014,03/01/2014,1.8090,"3,941,856"
03/15/2014,03/19/2014,02/22/2014,1.8243,"2,758,401"
03/15/2014,03/19/2014,02/15/2014,1.8599,"3,694,684"
03/08/2014,03/12/2014,02/08/2014,1.8365,"4,137,726"
03/08/2014,03/12/2014,02/15/2014,1.8595,"3,700,636"
03/08/2014,03/12/2014,02/22/2014,1.8370,"2,759,228"
03/08/2014,03/12/2014,03/01/2014,1.8083,"3,947,808"
03/08/2014,03/12/2014,03/08/2014,1.8242,"2,799,829"
03/01/2014,03/05/2014,03/01/2014,1.8092,"3,947,808"
03/01/2014,03/05/2014,02/22/2014,1.8231,"2,717,892"
03/01/2014,03/05/2014,02/15/2014,1.8585,"3,615,263"
03/01/2014,03/05/2014,02/08/2014,1.8365,"4,137,726"
03/01/2014,03/05/2014,02/01/2014,1.7990,"3,348,407"
02/22/2014,02/26/2014,01/25/2014,1.6699,"6,118,325"
02/22/2014,02/26/2014,02/01/2014,1.7959,"3,443,205"
02/22/2014,02/26/2014,02/08/2014,1.8375,"4,203,864"
02/22/2014,02/26/2014,02/15/2014,1.8589,"3,598,784"
02/22/2014,02/26/2014,02/22/2014,1.8369,"2,676,556"
02/15/2014,02/20/2014,02/15/2014,1.8595,"3,593,879"
02/15/2014,02/20/2014,02/08/2014,1.8375,"4,203,864"
02/15/2014,02/20/2014,02/01/2014,1.7959,"3,443,205"
02/15/2014,02/20/2014,01/25/2014,1.6699,"6,118,325"
02/15/2014,02/20/2014,01/18/2014,1.6210,"2,890,009"
02/08/2014,02/12/2014,01/11/2014,1.5705,"3,468,528"
02/08/2014,02/12/2014,01/18/2014,1.6210,"2,890,009"
02/08/2014,02/12/2014,01/25/2014,1.6699,"6,118,325"
02/08/2014,02/12/2014,02/01/2014,1.7916,"3,273,890"
02/08/2014,02/12/2014,02/08/2014,1.8353,"4,079,855"
02/01/2014,02/05/2014,02/01/2014,1.7916,"3,273,890"
02/01/2014,02/05/2014,01/25/2014,1.6689,"5,994,315"
02/01/2014,02/05/2014,01/18/2014,1.6210,"2,890,009"
02/01/2014,02/05/2014,01/11/2014,1.5702,"3,548,444"
02/01/2014,02/05/2014,01/04/2014,1.5682,"3,145,573"
01/25/2014,01/29/2014,12/28/2013,1.5730,"1,522,697"
01/25/2014,01/29/2014,01/04/2014,1.5683,"3,145,572"
01/25/2014,01/29/2014,01/11/2014,1.5702,"3,548,444"
01/25/2014,01/29/2014,01/18/2014,1.6244,"2,747,592"
01/25/2014,01/29/2014,01/25/2014,1.6689,"5,994,315"
01/18/2014,01/23/2014,01/18/2014,1.6244,"2,747,592"
01/18/2014,01/23/2014,01/11/2014,1.5703,"3,548,444"
01/18/2014,01/23/2014,01/04/2014,1.5683,"3,145,572"
01/18/2014,01/23/2014,12/28/2013,1.5730,"1,522,697"
01/18/2014,01/23/2014,12/21/2013,1.6392,"1,270,376"
01/11/2014,01/15/2014,12/14/2013,1.6297,"3,553,051"
01/11/2014,01/15/2014,12/21/2013,1.6392,"1,270,376"
01/11/2014,01/15/2014,12/28/2013,1.5730,"1,522,697"
01/11/2014,01/15/2014,01/04/2014,1.5683,"3,145,572"
01/11/2014,01/15/2014,01/11/2014,1.5750,"2,886,773"
01/04/2014,01/08/2014,01/04/2014,1.5698,"3,062,899"
01/04/2014,01/08/2014,12/28/2013,1.5730,"1,522,697"
01/04/2014,01/08/2014,12/21/2013,1.6465,"1,149,233"
01/04/2014,01/08/2014,12/14/2013,1.6316,"3,346,424"
01/04/2014,01/08/2014,12/07/2013,1.6559,"1,936,861"
12/28/2013,01/02/2014,11/30/2013,1.6045,"3,203,554"
12/28/2013,01/02/2014,12/07/2013,1.6559,"1,936,861"
12/28/2013,01/02/2014,12/14/2013,1.6316,"3,346,424"
12/28/2013,01/02/2014,12/21/2013,1.6454,"1,061,932"
12/28/2013,01/02/2014,12/28/2013,1.5804,"1,321,527"
12/21/2013,12/26/2013,12/21/2013,1.6454,"1,061,932"
12/21/2013,12/26/2013,12/14/2013,1.6316,"3,346,424"
12/21/2013,12/26/2013,12/07/2013,1.6559,"1,936,861"
12/21/2013,12/26/2013,11/30/2013,1.6045,"3,203,554"
12/21/2013,12/26/2013,11/23/2013,1.5459,"4,664,182"
12/14/2013,12/18/2013,11/16/2013,1.5046,"6,704,889"
12/14/2013,12/18/2013,11/23/2013,1.5459,"4,664,182"
12/14/2013,12/18/2013,11/30/2013,1.6045,"3,203,554"
12/14/2013,12/18/2013,12/07/2013,1.6559,"1,936,861"
12/14/2013,12/18/2013,12/14/2013,1.6318,"3,346,424"
12/07/2013,12/11/2013,12/07/2013,1.6559,"1,936,861"
12/07/2013,12/11/2013,11/30/2013,1.6045,"3,203,554"
12/07/2013,12/11/2013,11/23/2013,1.5411,"3,760,737"
12/07/2013,12/11/2013,11/16/2013,1.5019,"4,444,457"
12/07/2013,12/11/2013,11/09/2013,1.4828,"5,152,974"
11/30/2013,12/04/2013,11/02/2013,1.4949,"2,718,739"
11/30/2013,12/04/2013,11/09/2013,1.4828,"5,152,974"
11/30/2013,12/04/2013,11/16/2013,1.5019,"4,444,457"
11/30/2013,12/04/2013,11/23/2013,1.5411,"3,760,737"
11/30/2013,12/04/2013,11/30/2013,1.6045,"3,203,554"
11/23/2013,11/27/2013,11/23/2013,1.5411,"3,760,737"
11/23/2013,11/27/2013,11/16/2013,1.5019,"4,444,457"
11/23/2013,11/27/2013,11/09/2013,1.4828,"5,152,974"
11/23/2013,11/27/2013,11/02/2013,1.4949,"2,718,739"
11/23/2013,11/27/2013,10/26/2013,1.5239,"2,183,772"
11/16/2013,11/20/2013,10/19/2013,1.5677,"3,537,562"
11/16/2013,11/20/2013,10/26/2013,1.5239,"2,183,772"
11/16/2013,11/20/2013,11/02/2013,1.4949,"2,718,739"
11/16/2013,11/20/2013,11/09/2013,1.4828,"5,152,974"
11/16/2013,11/20/2013,11/16/2013,1.5019,"4,444,457"
11/09/2013,11/14/2013,11/09/2013,1.4828,"5,152,974"
11/09/2013,11/14/2013,11/02/2013,1.4949,"2,718,739"
11/09/2013,11/14/2013,10/26/2013,1.5239,"2,183,772"
11/09/2013,11/14/2013,10/19/2013,1.5677,"3,537,562"
11/09/2013,11/14/2013,10/12/2013,1.5425,0
11/02/2013,11/06/2013,10/05/2013,1.5476,0
11/02/2013,11/06/2013,10/12/2013,1.5425,0
11/02/2013,11/06/2013,10/19/2013,1.5677,"3,537,562"
11/02/2013,11/06/2013,10/26/2013,1.5239,"2,183,772"
11/02/2013,11/06/2013,11/02/2013,1.4949,"2,718,739"
10/26/2013,10/30/2013,10/26/2013,1.5239,"2,183,772"
10/26/2013,10/30/2013,10/19/2013,1.5677,"3,537,562"
10/26/2013,10/30/2013,10/12/2013,1.5425,0
10/26/2013,10/30/2013,10/05/2013,1.5476,0
10/26/2013,10/30/2013,09/28/2013,1.5003,0
10/19/2013,10/23/2013,09/21/2013,1.4304,"3,844,542"
10/19/2013,10/23/2013,09/28/2013,1.5003,0
10/19/2013,10/23/2013,10/05/2013,1.5476,0
10/19/2013,10/23/2013,10/12/2013,1.5425,0
10/19/2013,10/23/2013,10/19/2013,1.5677,"3,537,562"
10/12/2013,10/23/2013,10/12/2013,1.5425,0
10/12/2013,10/23/2013,10/05/2013,1.5476,0
10/12/2013,10/23/2013,09/28/2013,1.5003,0
10/12/2013,10/23/2013,09/21/2013,1.4304,"3,844,542"
10/12/2013,10/23/2013,09/14/2013,1.3998,"4,978,157"
10/05/2013,10/23/2013,09/07/2013,1.3748,"4,853,159"
10/05/2013,10/23/2013,09/14/2013,1.3998,"4,978,157"
10/05/2013,10/23/2013,09/21/2013,1.4304,"3,844,542"
10/05/2013,10/23/2013,09/28/2013,1.5003,0
10/05/2013,10/23/2013,10/05/2013,1.5476,0
09/28/2013,10/23/2013,09/28/2013,1.5003,0
09/28/2013,10/23/2013,09/21/2013,1.4304,"3,844,542"
09/28/2013,10/23/2013,09/14/2013,1.3998,"4,978,157"
09/28/2013,10/23/2013,09/07/2013,1.3748,"4,853,159"
09/28/2013,10/23/2013,08/31/2013,1.3730,"4,513,811"
09/21/2013,09/25/2013,08/24/2013,1.3666,"4,734,136"
09/21/2013,09/25/2013,08/31/2013,1.3730,"4,513,811"
09/21/2013,09/25/2013,09/07/2013,1.3748,"4,853,159"
09/21/2013,09/25/2013,09/14/2013,1.3998,"4,978,157"
09/21/2013,09/25/2013,09/21/2013,1.4304,"3,844,542"
09/14/2013,09/18/2013,09/14/2013,1.4000,"4,986,093"
09/14/2013,09/18/2013,09/07/2013,1.3748,"4,852,829"
09/14/2013,09/18/2013,08/31/2013,1.3730,"4,513,811"
09/14/2013,09/18/2013,08/24/2013,1.3666,"4,734,136"
09/14/2013,09/18/2013,08/17/2013,1.4349,"5,823,439"
09/07/2013,09/11/2013,08/10/2013,1.4489,"7,156,443"
09/07/2013,09/11/2013,08/17/2013,1.4349,"5,823,439"
09/07/2013,09/11/2013,08/24/2013,1.3666,"4,734,136"
09/07/2013,09/11/2013,08/31/2013,1.3730,"4,513,811"
09/07/2013,09/11/2013,09/07/2013,1.3748,"4,852,829"
08/31/2013,09/05/2013,08/31/2013,1.3730,"4,513,811"
08/31/2013,09/05/2013,08/24/2013,1.3577,"4,888,458"
08/31/2013,09/05/2013,08/17/2013,1.4366,"5,823,439"
08/31/2013,09/05/2013,08/10/2013,1.4489,"7,156,443"
08/31/2013,09/05/2013,08/03/2013,1.4422,"7,884,035"
08/24/2013,08/28/2013,07/27/2013,1.4544,"5,197,191"
08/24/2013,08/28/2013,08/03/2013,1.4422,"7,884,035"
08/24/2013,08/28/2013,08/10/2013,1.4489,"6,902,475"
08/24/2013,08/28/2013,08/17/2013,1.4366,"5,823,439"
08/24/2013,08/28/2013,08/24/2013,1.3577,"4,888,458"
08/17/2013,08/21/2013,08/17/2013,1.4366,"5,823,439"
08/17/2013,08/21/2013,08/10/2013,1.4523,"6,373,426"
08/17/2013,08/21/2013,08/03/2013,1.4419,"7,868,052"
08/17/2013,08/21/2013,07/27/2013,1.4544,"5,197,191"
08/17/2013,08/21/2013,07/20/2013,1.4447,"4,265,563"
08/10/2013,08/14/2013,07/13/2013,1.5067,"4,541,887"
08/10/2013,08/14/2013,07/20/2013,1.4446,"4,263,524"
08/10/2013,08/14/2013,07/27/2013,1.4544,"5,196,254"
08/10/2013,08/14/2013,08/03/2013,1.4419,"7,868,052"
08/10/2013,08/14/2013,08/10/2013,1.4523,"6,373,426"
08/03/2013,08/07/2013,08/03/2013,1.4419,"7,868,052"
08/03/2013,08/07/2013,07/27/2013,1.4544,"5,196,254"
08/03/2013,08/07/2013,07/20/2013,1.4446,"4,263,524"
08/03/2013,08/07/2013,07/13/2013,1.5067,"4,541,887"
08/03/2013,08/07/2013,07/06/2013,1.4648,"5,024,636"
07/27/2013,07/31/2013,06/29/2013,1.5109,"3,469,666"
07/27/2013,07/31/2013,07/06/2013,1.4648,"5,024,636"
07/27/2013,07/31/2013,07/13/2013,1.5067,"4,541,887"
07/27/2013,07/31/2013,07/20/2013,1.4446,"4,263,524"
07/27/2013,07/31/2013,07/27/2013,1.4544,"5,196,254"
07/20/2013,07/24/2013,07/20/2013,1.4446,"4,263,524"
07/20/2013,07/24/2013,07/13/2013,1.5067,"4,541,887"
07/20/2013,07/24/2013,07/06/2013,1.4648,"5,024,636"
07/20/2013,07/24/2013,06/29/2013,1.5109,"3,469,666"
07/20/2013,07/24/2013,06/22/2013,1.5501,"3,339,732"
07/13/2013,07/17/2013,06/15/2013,1.5688,"2,410,722"
07/13/2013,07/17/2013,06/22/2013,1.5501,"3,339,732"
07/13/2013,07/17/2013,06/29/2013,1.5109,"3,469,666"
07/13/2013,07/17/2013,07/06/2013,1.4648,"5,024,471"
07/13/2013,07/17/2013,07/13/2013,1.5182,"4,541,887"
07/06/2013,07/10/2013,07/06/2013,1.4648,"5,024,471"
07/06/2013,07/10/2013,06/29/2013,1.5109,"3,469,666"
07/06/2013,07/10/2013,06/22/2013,1.5501,"3,339,732"
07/06/2013,07/10/2013,06/15/2013,1.5688,"2,410,722"
07/06/2013,07/10/2013,06/08/2013,1.5495,"2,512,900"
06/29/2013,07/03/2013,06/01/2013,1.6182,"4,978,513"
06/29/2013,07/03/2013,06/08/2013,1.5496,"2,510,695"
06/29/2013,07/03/2013,06/15/2013,1.5688,"2,410,722"
06/29/2013,07/03/2013,06/22/2013,1.5501,"3,339,732"
06/29/2013,07/03/2013,06/29/2013,1.5109,"3,469,666"
06/22/2013,06/26/2013,06/22/2013,1.5501,"3,339,732"
06/22/2013,06/26/2013,06/15/2013,1.5688,"2,410,722"
06/22/2013,06/26/2013,06/08/2013,1.5496,"2,510,695"
06/22/2013,06/26/2013,06/01/2013,1.6182,"4,978,513"
06/22/2013,06/26/2013,05/25/2013,1.6081,"3,007,124"
06/15/2013,06/19/2013,05/18/2013,1.6387,"2,888,822"
06/15/2013,06/19/2013,05/25/2013,1.6081,"3,007,123"
06/15/2013,06/19/2013,06/01/2013,1.6182,"4,978,513"
06/15/2013,06/19/2013,06/08/2013,1.5496,"2,510,695"
06/15/2013,06/19/2013,06/15/2013,1.5688,"2,410,722"
06/08/2013,06/12/2013,06/08/2013,1.5500,"2,471,013"
06/08/2013,06/12/2013,06/01/2013,1.6182,"4,978,513"
06/08/2013,06/12/2013,05/25/2013,1.6081,"3,007,123"
06/08/2013,06/12/2013,05/18/2013,1.6387,"2,888,822"
06/08/2013,06/12/2013,05/11/2013,1.6782,"2,738,701"
06/01/2013,06/05/2013,05/04/2013,1.7161,"3,205,349"
06/01/2013,06/05/2013,05/11/2013,1.6782,"2,738,701"
06/01/2013,06/05/2013,05/18/2013,1.6387,"2,888,822"
06/01/2013,06/05/2013,05/25/2013,1.6081,"3,007,123"
06/01/2013,06/05/2013,06/01/2013,1.6182,"4,978,513"
05/25/2013,05/30/2013,05/25/2013,1.6081,"3,007,123"
05/25/2013,05/30/2013,05/18/2013,1.6387,"2,888,822"
05/25/2013,05/30/2013,05/11/2013,1.6782,"2,738,701"
05/25/2013,05/30/2013,05/04/2013,1.7161,"3,205,349"
05/25/2013,05/30/2013,04/27/2013,1.7226,"4,498,232"
05/18/2013,05/22/2013,04/20/2013,1.6948,"2,985,455"
05/18/2013,05/22/2013,04/27/2013,1.7226,"4,498,232"
05/18/2013,05/22/2013,05/04/2013,1.7161,"3,205,349"
05/18/2013,05/22/2013,05/11/2013,1.6782,"2,738,701"
05/18/2013,05/22/2013,05/18/2013,1.6387,"2,888,822"
05/11/2013,05/15/2013,05/11/2013,1.6782,"2,738,701"
05/11/2013,05/15/2013,05/04/2013,1.7161,"3,205,349"
05/11/2013,05/15/2013,04/27/2013,1.7226,"4,498,232"
05/11/2013,05/15/2013,04/20/2013,1.6948,"2,985,455"
05/11/2013,05/15/2013,04/13/2013,1.6618,"6,689,836"
05/04/2013,05/08/2013,04/06/2013,1.6446,"5,046,600"
05/04/2013,05/08/2013,04/13/2013,1.6618,"6,689,836"
05/04/2013,05/08/2013,04/20/2013,1.6948,"2,985,455"
05/04/2013,05/08/2013,04/27/2013,1.7226,"4,498,232"
05/04/2013,05/08/2013,05/04/2013,1.7161,"3,205,349"
04/27/2013,05/01/2013,04/27/2013,1.7226,"4,498,232"
04/27/2013,05/01/2013,04/20/2013,1.6948,"2,985,455"
04/27/2013,05/01/2013,04/13/2013,1.6618,"6,689,836"
04/27/2013,05/01/2013,04/06/2013,1.6446,"5,046,600"
04/27/2013,05/01/2013,03/30/2013,1.6586,"5,058,133"
04/20/2013,04/24/2013,03/23/2013,1.6295,"5,157,586"
04/20/2013,04/24/2013,03/30/2013,1.6586,"5,058,133"
04/20/2013,04/24/2013,04/06/2013,1.6446,"5,046,600"
04/20/2013,04/24/2013,04/13/2013,1.6618,"6,689,836"
04/20/2013,04/24/2013,04/20/2013,1.6948,"2,985,455"
04/13/2013,04/17/2013,04/13/2013,1.6618,"6,351,212"
04/13/2013,04/17/2013,04/06/2013,1.6446,"5,046,600"
04/13/2013,04/17/2013,03/30/2013,1.6586,"5,058,133"
04/13/2013,04/17/2013,03/23/2013,1.6295,"5,157,586"
04/13/2013,04/17/2013,03/16/2013,1.6031,"4,858,890"
04/06/2013,04/10/2013,03/09/2013,1.5764,"4,112,302"
04/06/2013,04/10/2013,03/16/2013,1.6031,"4,858,890"
04/06/2013,04/10/2013,03/23/2013,1.6295,"5,157,586"
04/06/2013,04/10/2013,03/30/2013,1.6586,"5,058,133"
04/06/2013,04/10/2013,04/06/2013,1.6446,"5,046,600"
03/30/2013,04/03/2013,03/30/2013,1.6586,"5,058,133"
03/30/2013,04/03/2013,03/23/2013,1.6295,"5,157,586"
03/30/2013,04/03/2013,03/16/2013,1.6030,"4,858,891"
03/30/2013,04/03/2013,03/09/2013,1.5764,"4,112,303"
03/30/2013,04/03/2013,03/02/2013,1.5936,"4,102,393"
03/23/2013,03/27/2013,02/23/2013,1.5790,"4,447,018"
03/23/2013,03/27/2013,03/02/2013,1.5939,"4,102,394"
03/23/2013,03/27/2013,03/09/2013,1.5764,"4,112,307"
03/23/2013,03/27/2013,03/16/2013,1.6031,"4,858,894"
03/23/2013,03/27/2013,03/23/2013,1.6295,"5,157,586"
03/16/2013,03/20/2013,03/16/2013,1.6031,"4,858,894"
03/16/2013,03/20/2013,03/09/2013,1.5764,"4,112,307"
03/16/2013,03/20/2013,03/02/2013,1.5935,"4,144,723"
03/16/2013,03/20/2013,02/23/2013,1.5793,"4,447,018"
03/16/2013,03/20/2013,02/16/2013,1.5626,"4,454,769"
03/09/2013,03/13/2013,02/09/2013,1.5257,"4,459,700"
03/09/2013,03/13/2013,02/16/2013,1.5626,"4,454,769"
03/09/2013,03/13/2013,02/23/2013,1.5793,"4,447,018"
03/09/2013,03/13/2013,03/02/2013,1.5935,"4,144,723"
03/09/2013,03/13/2013,03/09/2013,1.5764,"4,112,307"
03/02/2013,03/06/2013,03/02/2013,1.5935,"4,144,723"
03/02/2013,03/06/2013,02/23/2013,1.5793,"4,447,018"
03/02/2013,03/06/2013,02/16/2013,1.5628,"4,454,769"
03/02/2013,03/06/2013,02/09/2013,1.5182,"4,481,746"
03/02/2013,03/06/2013,02/02/2013,1.5117,"3,963,335"
02/23/2013,02/27/2013,01/26/2013,1.4973,"4,022,708"
02/23/2013,02/27/2013,02/02/2013,1.5117,"3,963,335"
02/23/2013,02/27/2013,02/09/2013,1.5182,"4,481,746"
02/23/2013,02/27/2013,02/16/2013,1.5628,"4,454,769"
02/23/2013,02/27/2013,02/23/2013,1.5793,"4,447,018"
02/16/2013,02/21/2013,02/16/2013,1.5606,"4,454,769"
02/16/2013,02/21/2013,02/09/2013,1.5182,"4,481,746"
02/16/2013,02/21/2013,02/02/2013,1.5117,"3,963,335"
02/16/2013,02/21/2013,01/26/2013,1.4973,"4,022,708"
02/16/2013,02/21/2013,01/19/2013,1.4789,"4,508,942"
02/09/2013,02/13/2013,01/12/2013,1.5229,"3,738,779"
02/09/2013,02/13/2013,01/19/2013,1.4789,"4,508,942"
02/09/2013,02/13/2013,01/26/2013,1.4973,"4,022,708"
02/09/2013,02/13/2013,02/02/2013,1.5117,"3,963,335"
02/09/2013,02/13/2013,02/09/2013,1.5182,"4,481,746"
02/02/2013,02/06/2013,02/02/2013,1.5117,"3,963,335"
02/02/2013,02/06/2013,01/26/2013,1.4973,"4,022,708"
02/02/2013,02/06/2013,01/19/2013,1.4789,"4,508,942"
02/02/2013,02/06/2013,01/12/2013,1.5229,"3,738,779"
02/02/2013,02/06/2013,01/05/2013,1.5344,"3,022,194"
01/26/2013,01/30/2013,12/29/2012,1.5576,"3,137,968"
01/26/2013,01/30/2013,01/05/2013,1.5344,"3,022,194"
01/26/2013,01/30/2013,01/12/2013,1.5229,"3,738,779"
01/26/2013,01/30/2013,01/19/2013,1.4789,"4,508,942"
01/26/2013,01/30/2013,01/26/2013,1.5011,"3,599,428"
01/19/2013,01/24/2013,01/19/2013,1.4789,"4,508,942"
01/19/2013,01/24/2013,01/12/2013,1.5229,"3,738,779"
01/19/2013,01/24/2013,01/05/2013,1.5344,"3,022,194"
01/19/2013,01/24/2013,12/29/2012,1.5576,"3,137,968"
01/19/2013,01/24/2013,12/22/2012,1.6014,"2,793,846"
01/12/2013,01/16/2013,12/15/2012,1.5944,"4,446,906"
01/12/2013,01/16/2013,12/22/2012,1.6017,"2,793,846"
01/12/2013,01/16/2013,12/29/2012,1.5576,"3,137,968"
01/12/2013,01/16/2013,01/05/2013,1.5344,"3,022,194"
01/12/2013,01/16/2013,01/12/2013,1.5229,"3,738,779"
01/05/2013,01/09/2013,01/05/2013,1.5344,"3,022,194"
01/05/2013,01/09/2013,12/29/2012,1.5576,"3,137,968"
01/05/2013,01/09/2013,12/22/2012,1.6017,"2,793,846"
01/05/2013,01/09/2013,12/15/2012,1.5944,"4,446,906"
01/05/2013,01/09/2013,12/08/2012,1.6351,"3,612,447"
12/29/2012,01/03/2013,12/01/2012,1.7088,"3,989,210"
12/29/2012,01/03/2013,12/08/2012,1.6351,"3,612,447"
12/29/2012,01/03/2013,12/15/2012,1.5944,"4,446,906"
12/29/2012,01/03/2013,12/22/2012,1.6017,"2,793,846"
12/29/2012,01/03/2013,12/29/2012,1.5576,"3,137,968"
12/22/2012,12/27/2012,12/22/2012,1.6017,"2,793,846"
12/22/2012,12/27/2012,12/15/2012,1.5944,"4,446,906"
12/22/2012,12/27/2012,12/08/2012,1.6351,"3,612,447"
12/22/2012,12/27/2012,12/01/2012,1.7088,"3,989,210"
12/22/2012,12/27/2012,11/24/2012,1.8550,"2,418,195"
12/15/2012,12/19/2012,11/17/2012,1.8772,"3,723,625"
12/15/2012,12/19/2012,11/24/2012,1.8550,"2,418,195"
12/15/2012,12/19/2012,12/01/2012,1.7088,"3,989,210"
12/15/2012,12/19/2012,12/08/2012,1.6351,"3,612,447"
12/15/2012,12/19/2012,12/15/2012,1.5944,"4,446,906"
12/08/2012,12/12/2012,12/08/2012,1.6351,"3,612,447"
12/08/2012,12/12/2012,12/01/2012,1.7088,"3,989,210"
12/08/2012,12/12/2012,11/24/2012,1.8550,"2,418,195"
12/08/2012,12/12/2012,11/17/2012,1.8772,"3,723,625"
12/08/2012,12/12/2012,11/10/2012,1.8923,"3,809,015"
12/01/2012,12/05/2012,11/03/2012,1.9019,"2,691,147"
12/01/2012,12/05/2012,11/10/2012,1.8923,"3,809,015"
12/01/2012,12/05/2012,11/17/2012,1.8772,"3,723,625"
12/01/2012,12/05/2012,11/24/2012,1.8550,"2,418,195"
12/01/2012,12/05/2012,12/01/2012,1.7088,"3,989,210"
11/24/2012,11/28/2012,11/24/2012,1.8550,"2,418,195"
11/24/2012,11/28/2012,11/17/2012,1.8772,"3,723,625"
11/24/2012,11/28/2012,11/10/2012,1.8923,"3,809,015"
11/24/2012,11/28/2012,11/03/2012,1.9019,"2,691,146"
11/24/2012,11/28/2012,10/27/2012,1.8946,"3,299,246"
11/17/2012,11/21/2012,10/20/2012,1.9305,"3,416,273"
11/17/2012,11/21/2012,10/27/2012,1.8946,"3,299,246"
11/17/2012,11/21/2012,11/03/2012,1.9019,"2,691,146"
11/17/2012,11/21/2012,11/10/2012,1.8923,"3,809,015"
11/17/2012,11/21/2012,11/17/2012,1.8796,"3,725,720"
11/10/2012,11/15/2012,11/10/2012,1.8923,"3,809,015"
11/10/2012,11/15/2012,11/03/2012,1.9019,"2,691,146"
11/10/2012,11/15/2012,10/27/2012,1.8946,"3,299,246"
11/10/2012,11/15/2012,10/20/2012,1.9305,"3,416,273"
11/10/2012,11/15/2012,10/13/2012,1.9315,"4,506,781"
11/03/2012,11/07/2012,10/06/2012,1.9070,"4,160,355"
11/03/2012,11/07/2012,10/13/2012,1.9315,"4,506,781"
11/03/2012,11/07/2012,10/20/2012,1.9305,"3,416,273"
11/03/2012,11/07/2012,10/27/2012,1.8946,"3,299,246"
11/03/2012,11/07/2012,11/03/2012,1.9019,"2,691,146"
10/27/2012,10/31/2012,10/27/2012,1.8948,"3,299,246"
10/27/2012,10/31/2012,10/20/2012,1.9305,"3,416,273"
10/27/2012,10/31/2012,10/13/2012,1.9315,"4,506,781"
10/27/2012,10/31/2012,10/06/2012,1.9070,"4,160,355"
10/27/2012,10/31/2012,09/29/2012,1.8785,"3,746,743"
10/20/2012,10/24/2012,09/22/2012,1.8436,"4,960,947"
10/20/2012,10/24/2012,09/29/2012,1.8785,"3,746,743"
10/20/2012,10/24/2012,10/06/2012,1.9070,"4,160,355"
10/20/2012,10/24/2012,10/13/2012,1.9315,"4,506,781"
10/20/2012,10/24/2012,10/20/2012,1.9305,"3,416,273"
10/13/2012,10/17/2012,10/13/2012,1.9315,"4,506,781"
10/13/2012,10/17/2012,10/06/2012,1.9070,"4,160,355"
10/13/2012,10/17/2012,09/29/2012,1.8785,"3,746,743"
10/13/2012,10/17/2012,09/22/2012,1.8436,"4,960,947"
10/13/2012,10/17/2012,09/15/2012,1.8579,"2,877,134"
10/06/2012,10/11/2012,09/08/2012,1.8037,"4,787,843"
10/06/2012,10/11/2012,09/15/2012,1.8579,"2,877,134"
10/06/2012,10/11/2012,09/22/2012,1.8436,"4,960,947"
10/06/2012,10/11/2012,09/29/2012,1.8785,"3,746,743"
10/06/2012,10/11/2012,10/06/2012,1.9070,"4,160,355"
09/29/2012,10/03/2012,09/29/2012,1.8791,"3,619,759"
09/29/2012,10/03/2012,09/22/2012,1.8436,"4,960,947"
09/29/2012,10/03/2012,09/15/2012,1.8579,"2,877,134"
09/29/2012,10/03/2012,09/08/2012,1.8037,"4,787,843"
09/29/2012,10/03/2012,09/01/2012,1.7686,"4,275,232"
09/22/2012,09/26/2012,08/25/2012,1.7576,"2,349,268"
09/22/2012,09/26/2012,09/01/2012,1.7686,"4,275,232"
09/22/2012,09/26/2012,09/08/2012,1.8037,"4,787,843"
09/22/2012,09/26/2012,09/15/2012,1.8569,"2,877,134"
09/22/2012,09/26/2012,09/22/2012,1.8436,"4,960,947"
09/15/2012,09/19/2012,09/15/2012,1.8569,"2,877,134"
09/15/2012,09/19/2012,09/08/2012,1.8037,"4,787,843"
09/15/2012,09/19/2012,09/01/2012,1.7686,"4,275,232"
09/15/2012,09/19/2012,08/25/2012,1.7576,"2,349,268"
09/15/2012,09/19/2012,08/18/2012,1.7154,"3,151,123"
09/08/2012,09/12/2012,08/11/2012,1.6632,"3,561,118"
09/08/2012,09/12/2012,08/18/2012,1.7154,"3,151,123"
09/08/2012,09/12/2012,08/25/2012,1.7576,"2,349,268"
09/08/2012,09/12/2012,09/01/2012,1.7686,"4,275,232"
09/08/2012,09/12/2012,09/08/2012,1.8037,"4,787,843"
09/01/2012,09/06/2012,09/01/2012,1.7686,"4,275,232"
09/01/2012,09/06/2012,08/25/2012,1.7576,"2,349,268"
09/01/2012,09/06/2012,08/18/2012,1.7154,"3,151,123"
09/01/2012,09/06/2012,08/11/2012,1.6632,"3,561,118"
09/01/2012,09/06/2012,08/04/2012,1.6311,"3,288,718"
08/25/2012,08/29/2012,07/28/2012,1.5689,"2,346,610"
08/25/2012,08/29/2012,08/04/2012,1.6311,"3,288,718"
08/25/2012,08/29/2012,08/11/2012,1.6632,"3,561,118"
08/25/2012,08/29/2012,08/18/2012,1.7154,"3,151,123"
08/25/2012,08/29/2012,08/25/2012,1.7576,"2,349,268"
08/18/2012,08/22/2012,08/18/2012,1.7154,"3,151,123"
08/18/2012,08/22/2012,08/11/2012,1.6632,"3,561,118"
08/18/2012,08/22/2012,08/04/2012,1.6311,"3,288,718"
08/18/2012,08/22/2012,07/28/2012,1.5689,"2,346,610"
08/18/2012,08/22/2012,07/21/2012,1.5482,"2,760,877"
08/11/2012,08/15/2012,07/14/2012,1.5375,"3,875,056"
08/11/2012,08/15/2012,07/21/2012,1.5482,"2,760,877"
08/11/2012,08/15/2012,07/28/2012,1.5689,"2,346,610"
08/11/2012,08/15/2012,08/04/2012,1.6311,"3,288,718"
08/11/2012,08/15/2012,08/11/2012,1.6601,"3,600,801"
08/04/2012,08/08/2012,08/04/2012,1.6311,"3,288,718"
08/04/2012,08/08/2012,07/28/2012,1.5689,"2,346,610"
08/04/2012,08/08/2012,07/21/2012,1.5482,"2,760,877"
08/04/2012,08/08/2012,07/14/2012,1.5375,"3,875,056"
08/04/2012,08/08/2012,07/07/2012,1.5046,"2,814,738"
07/28/2012,08/01/2012,06/30/2012,1.4695,"5,137,665"
07/28/2012,08/01/2012,07/07/2012,1.5046,"2,814,738"
07/28/2012,08/01/2012,07/14/2012,1.5382,"3,790,400"
07/28/2012,08/01/2012,07/21/2012,1.5482,"2,760,877"
07/28/2012,08/01/2012,07/28/2012,1.5689,"2,346,610"
07/21/2012,07/25/2012,07/21/2012,1.5487,"2,790,639"
07/21/2012,07/25/2012,07/14/2012,1.5382,"3,790,400"
07/21/2012,07/25/2012,07/07/2012,1.5050,"2,832,595"
07/21/2012,07/25/2012,06/30/2012,1.4695,"5,137,665"
07/21/2012,07/25/2012,06/23/2012,1.3981,"5,789,109"
07/14/2012,07/18/2012,06/16/2012,1.3877,"3,430,981"
07/14/2012,07/18/2012,06/23/2012,1.3981,"5,789,109"
07/14/2012,07/18/2012,06/30/2012,1.4695,"5,137,665"
07/14/2012,07/18/2012,07/07/2012,1.5050,"2,832,595"
07/14/2012,07/18/2012,07/14/2012,1.5392,"3,798,337"
07/07/2012,07/11/2012,07/07/2012,1.5050,"2,832,595"
07/07/2012,07/11/2012,06/30/2012,1.4695,"5,137,665"
07/07/2012,07/11/2012,06/23/2012,1.3981,"5,789,109"
07/07/2012,07/11/2012,06/16/2012,1.3877,"3,430,981"
07/07/2012,07/11/2012,06/09/2012,1.3678,"4,350,587"
06/30/2012,07/05/2012,06/02/2012,1.3618,"4,864,860"
06/30/2012,07/05/2012,06/09/2012,1.3678,"4,350,587"
06/30/2012,07/05/2012,06/16/2012,1.3877,"3,430,981"
06/30/2012,07/05/2012,06/23/2012,1.3981,"5,789,109"
06/30/2012,07/05/2012,06/30/2012,1.4695,"5,137,665"
06/23/2012,06/27/2012,06/23/2012,1.3981,"5,789,109"
06/23/2012,06/27/2012,06/16/2012,1.3877,"3,430,981"
06/23/2012,06/27/2012,06/09/2012,1.3679,"4,350,587"
06/23/2012,06/27/2012,06/02/2012,1.3629,"4,864,860"
06/23/2012,06/27/2012,05/26/2012,1.3450,"5,219,020"
06/16/2012,06/20/2012,05/19/2012,1.3352,"4,440,673"
06/16/2012,06/20/2012,05/26/2012,1.3450,"5,219,020"
06/16/2012,06/20/2012,06/02/2012,1.3629,"4,864,860"
06/16/2012,06/20/2012,06/09/2012,1.3679,"4,350,587"
06/16/2012,06/20/2012,06/16/2012,1.3877,"3,430,981"
06/09/2012,06/13/2012,06/09/2012,1.3679,"4,350,587"
06/09/2012,06/13/2012,06/02/2012,1.3629,"4,864,860"
06/09/2012,06/13/2012,05/26/2012,1.3450,"5,219,019"
06/09/2012,06/13/2012,05/19/2012,1.3352,"4,440,673"
06/09/2012,06/13/2012,05/12/2012,1.3701,"3,513,340"
06/02/2012,06/06/2012,05/05/2012,1.4135,"4,765,791"
06/02/2012,06/06/2012,05/12/2012,1.3701,"3,513,340"
06/02/2012,06/06/2012,05/19/2012,1.3352,"4,440,673"
06/02/2012,06/06/2012,05/26/2012,1.3450,"5,219,019"
06/02/2012,06/06/2012,06/02/2012,1.3652,"4,695,548"
05/26/2012,05/31/2012,05/26/2012,1.3450,"5,219,019"
05/26/2012,05/31/2012,05/19/2012,1.3352,"4,440,673"
05/26/2012,05/31/2012,05/12/2012,1.3701,"3,513,341"
05/26/2012,05/31/2012,05/05/2012,1.4135,"4,765,791"
05/26/2012,05/31/2012,04/28/2012,1.4268,"4,130,975"
05/19/2012,05/23/2012,04/21/2012,1.4401,"2,901,903"
05/19/2012,05/23/2012,04/28/2012,1.4268,"4,130,975"
05/19/2012,05/23/2012,05/05/2012,1.4135,"4,765,791"
05/19/2012,05/23/2012,05/12/2012,1.3701,"3,513,341"
05/19/2012,05/23/2012,05/19/2012,1.3352,"4,440,673"
05/12/2012,05/16/2012,05/12/2012,1.3750,"3,217,706"
05/12/2012,05/16/2012,05/05/2012,1.4135,"4,765,791"
05/12/2012,05/16/2012,04/28/2012,1.4268,"4,130,975"
05/12/2012,05/16/2012,04/21/2012,1.4401,"2,901,903"
05/12/2012,05/16/2012,04/14/2012,1.4481,"2,586,156"
05/05/2012,05/09/2012,04/07/2012,1.4753,"2,845,894"
05/05/2012,05/09/2012,04/14/2012,1.4481,"2,586,156"
05/05/2012,05/09/2012,04/21/2012,1.4401,"2,901,903"
05/05/2012,05/09/2012,04/28/2012,1.4268,"4,130,975"
05/05/2012,05/09/2012,05/05/2012,1.4133,"4,765,791"
04/28/2012,05/02/2012,04/28/2012,1.4268,"4,130,975"
04/28/2012,05/02/2012,04/21/2012,1.4401,"2,901,903"
04/28/2012,05/02/2012,04/14/2012,1.4481,"2,586,156"
04/28/2012,05/02/2012,04/07/2012,1.4753,"2,845,894"
04/28/2012,05/02/2012,03/31/2012,1.5001,"6,118,090"
04/21/2012,04/25/2012,03/24/2012,1.4519,"6,594,422"
04/21/2012,04/25/2012,03/31/2012,1.5001,"6,118,090"
04/21/2012,04/25/2012,04/07/2012,1.4753,"2,845,894"
04/21/2012,04/25/2012,04/14/2012,1.4481,"2,586,156"
04/21/2012,04/25/2012,04/21/2012,1.4408,"2,901,903"
04/14/2012,04/18/2012,04/14/2012,1.4481,"2,586,156"
04/14/2012,04/18/2012,04/07/2012,1.4753,"2,845,894"
04/14/2012,04/18/2012,03/31/2012,1.5001,"6,118,090"
04/14/2012,04/18/2012,03/24/2012,1.4519,"6,594,422"
04/14/2012,04/18/2012,03/17/2012,1.4425,"4,876,999"
04/07/2012,04/11/2012,03/10/2012,1.4150,"4,109,948"
04/07/2012,04/11/2012,03/17/2012,1.4425,"4,876,999"
04/07/2012,04/11/2012,03/24/2012,1.4519,"6,594,422"
04/07/2012,04/11/2012,03/31/2012,1.5001,"6,118,090"
04/07/2012,04/11/2012,04/07/2012,1.4753,"2,845,894"
03/31/2012,04/04/2012,03/31/2012,1.5001,"6,118,090"
03/31/2012,04/04/2012,03/24/2012,1.4519,"6,594,422"
03/31/2012,04/04/2012,03/17/2012,1.4425,"4,876,999"
03/31/2012,04/04/2012,03/10/2012,1.4150,"4,109,948"
03/31/2012,04/04/2012,03/03/2012,1.4234,"6,205,309"
