Week Ending Date,Report Date,Date,Weighted Prices,Sales
03/30/2019,04/03/2019,03/02/2019,1.5653,"10,746,556"
03/30/2019,04/03/2019,03/09/2019,1.6111,"11,541,511"
03/30/2019,04/03/2019,03/16/2019,1.6212,"10,778,178"
03/30/2019,04/03/2019,03/23/2019,1.6002,"9,776,560"
03/30/2019,04/03/2019,03/30/2019,1.5957,"10,509,114"
03/23/2019,03/27/2019,03/23/2019,1.5999,"9,482,577"
03/23/2019,03/27/2019,03/16/2019,1.6212,"10,778,178"
03/23/2019,03/27/2019,03/09/2019,1.6111,"11,541,511"
03/23/2019,03/27/2019,03/02/2019,1.5653,"10,746,556"
03/23/2019,03/27/2019,02/23/2019,1.5168,"12,216,102"
03/16/2019,03/20/2019,02/16/2019,1.4665,"11,052,838"
03/16/2019,03/20/2019,02/23/2019,1.5168,"12,216,102"
03/16/2019,03/20/2019,03/02/2019,1.5653,"10,746,556"
03/16/2019,03/20/2019,03/09/2019,1.6111,"11,541,511"
03/16/2019,03/20/2019,03/16/2019,1.6211,"10,778,178"
03/09/2019,03/13/2019,03/09/2019,1.6098,"11,385,619"
03/09/2019,03/13/2019,03/02/2019,1.5653,"10,746,556"
03/09/2019,03/13/2019,02/23/2019,1.5169,"12,218,659"
03/09/2019,03/13/2019,02/16/2019,1.4665,"11,052,838"
03/09/2019,03/13/2019,02/09/2019,1.4359,"12,131,785"
03/02/2019,03/06/2019,02/02/2019,1.4310,"11,178,752"
03/02/2019,03/06/2019,02/09/2019,1.4356,"11,981,300"
03/02/2019,03/06/2019,02/16/2019,1.4665,"11,052,838"
03/02/2019,03/06/2019,02/23/2019,1.5169,"12,218,659"
03/02/2019,03/06/2019,03/02/2019,1.5656,"10,746,556"
02/23/2019,02/27/2019,02/23/2019,1.5167,"12,208,426"
02/23/2019,02/27/2019,02/16/2019,1.4664,"11,016,344"
02/23/2019,02/27/2019,02/09/2019,1.4356,"11,981,299"
02/23/2019,02/27/2019,02/02/2019,1.4310,"11,178,752"
02/23/2019,02/27/2019,01/26/2019,1.4338,"11,722,354"
02/16/2019,02/21/2019,01/19/2019,1.4313,"11,258,245"
02/16/2019,02/21/2019,01/26/2019,1.4338,"11,722,354"
02/16/2019,02/21/2019,02/02/2019,1.4310,"11,178,752"
02/16/2019,02/21/2019,02/09/2019,1.4352,"11,923,189"
02/16/2019,02/21/2019,02/16/2019,1.4662,"10,997,388"
02/09/2019,02/13/2019,02/09/2019,1.4337,"11,728,379"
02/09/2019,02/13/2019,02/02/2019,1.4310,"11,178,752"
02/09/2019,02/13/2019,01/26/2019,1.4338,"11,722,354"
02/09/2019,02/13/2019,01/19/2019,1.4313,"11,258,245"
02/09/2019,02/13/2019,01/12/2019,1.4272,"13,946,475"
02/02/2019,02/06/2019,01/05/2019,1.4216,"11,018,556"
02/02/2019,02/06/2019,01/12/2019,1.4272,"13,946,475"
02/02/2019,02/06/2019,01/19/2019,1.4313,"11,258,245"
02/02/2019,02/06/2019,01/26/2019,1.4338,"11,722,354"
02/02/2019,02/06/2019,02/02/2019,1.4311,"10,161,803"
01/26/2019,01/30/2019,01/26/2019,1.4323,"11,603,683"
01/26/2019,01/30/2019,01/19/2019,1.4309,"11,219,414"
01/26/2019,01/30/2019,01/12/2019,1.4272,"13,946,475"
01/26/2019,01/30/2019,01/05/2019,1.4216,"11,018,556"
01/26/2019,01/30/2019,12/29/2018,1.3979,"9,935,425"
01/19/2019,01/24/2019,12/22/2018,1.3947,"11,886,415"
01/19/2019,01/24/2019,12/29/2018,1.3979,"9,935,425"
01/19/2019,01/24/2019,01/05/2019,1.4216,"11,018,556"
01/19/2019,01/24/2019,01/12/2019,1.4272,"13,946,475"
01/19/2019,01/24/2019,01/19/2019,1.4346,"11,178,698"
01/12/2019,01/16/2019,01/12/2019,1.4268,"13,907,494"
01/12/2019,01/16/2019,01/05/2019,1.4216,"11,018,556"
01/12/2019,01/16/2019,12/29/2018,1.3979,"9,935,425"
01/12/2019,01/16/2019,12/22/2018,1.3947,"11,886,415"
01/12/2019,01/16/2019,12/15/2018,1.3979,"12,064,453"
01/05/2019,01/09/2019,12/08/2018,1.4204,"12,724,396"
01/05/2019,01/09/2019,12/15/2018,1.3979,"12,064,453"
01/05/2019,01/09/2019,12/22/2018,1.3947,"11,886,415"
01/05/2019,01/09/2019,12/29/2018,1.3979,"9,935,425"
01/05/2019,01/09/2019,01/05/2019,1.4212,"10,995,619"
12/29/2018,01/03/2019,12/29/2018,1.3979,"9,730,240"
12/29/2018,01/03/2019,12/22/2018,1.3947,"11,886,415"
12/29/2018,01/03/2019,12/15/2018,1.3979,"12,064,453"
12/29/2018,01/03/2019,12/08/2018,1.4204,"12,724,396"
12/29/2018,01/03/2019,12/01/2018,1.4454,"12,286,600"
12/22/2018,12/27/2018,11/24/2018,1.4803,"10,215,986"
12/22/2018,12/27/2018,12/01/2018,1.4454,"12,286,600"
12/22/2018,12/27/2018,12/08/2018,1.4204,"12,724,396"
12/22/2018,12/27/2018,12/15/2018,1.3969,"12,013,844"
12/22/2018,12/27/2018,12/22/2018,1.3937,"11,680,310"
12/15/2018,12/19/2018,12/15/2018,1.3960,"11,911,088"
12/15/2018,12/19/2018,12/08/2018,1.4204,"12,722,114"
12/15/2018,12/19/2018,12/01/2018,1.4454,"12,286,600"
12/15/2018,12/19/2018,11/24/2018,1.4803,"10,215,986"
12/15/2018,12/19/2018,11/17/2018,1.5166,"12,381,101"
12/08/2018,12/12/2018,11/10/2018,1.5676,"11,069,893"
12/08/2018,12/12/2018,11/17/2018,1.5166,"12,381,101"
12/08/2018,12/12/2018,11/24/2018,1.4803,"10,215,986"
12/08/2018,12/12/2018,12/01/2018,1.4454,"12,286,600"
12/08/2018,12/12/2018,12/08/2018,1.4204,"12,719,835"
12/01/2018,12/05/2018,12/01/2018,1.4435,"12,113,400"
12/01/2018,12/05/2018,11/24/2018,1.4803,"10,218,250"
12/01/2018,12/05/2018,11/17/2018,1.5166,"12,381,101"
12/01/2018,12/05/2018,11/10/2018,1.5676,"11,069,893"
12/01/2018,12/05/2018,11/03/2018,1.6160,"11,572,828"
11/24/2018,11/28/2018,10/27/2018,1.6805,"12,267,152"
11/24/2018,11/28/2018,11/03/2018,1.6160,"11,572,828"
11/24/2018,11/28/2018,11/10/2018,1.5676,"11,069,893"
11/24/2018,11/28/2018,11/17/2018,1.5166,"12,381,101"
11/24/2018,11/28/2018,11/24/2018,1.4782,"10,093,097"
11/17/2018,11/21/2018,11/17/2018,1.5144,"12,215,197"
11/17/2018,11/21/2018,11/10/2018,1.5676,"11,069,893"
11/17/2018,11/21/2018,11/03/2018,1.6160,"11,572,828"
11/17/2018,11/21/2018,10/27/2018,1.6805,"12,267,152"
11/17/2018,11/21/2018,10/20/2018,1.6928,"11,728,954"
11/10/2018,11/15/2018,10/13/2018,1.6790,"11,333,574"
11/10/2018,11/15/2018,10/20/2018,1.6928,"11,728,954"
11/10/2018,11/15/2018,10/27/2018,1.6805,"12,267,152"
11/10/2018,11/15/2018,11/03/2018,1.6160,"11,572,828"
11/10/2018,11/15/2018,11/10/2018,1.5675,"11,040,176"
11/03/2018,11/07/2018,11/03/2018,1.6153,"11,532,045"
11/03/2018,11/07/2018,10/27/2018,1.6805,"12,267,152"
11/03/2018,11/07/2018,10/20/2018,1.6928,"11,724,368"
11/03/2018,11/07/2018,10/13/2018,1.6790,"11,333,574"
11/03/2018,11/07/2018,10/06/2018,1.6656,"11,305,105"
10/27/2018,10/31/2018,09/29/2018,1.6786,"11,715,525"
10/27/2018,10/31/2018,10/06/2018,1.6656,"11,305,105"
10/27/2018,10/31/2018,10/13/2018,1.6790,"11,333,574"
10/27/2018,10/31/2018,10/20/2018,1.6930,"11,754,363"
10/27/2018,10/31/2018,10/27/2018,1.6799,"12,161,300"
10/20/2018,10/24/2018,10/20/2018,1.6915,"11,597,503"
10/20/2018,10/24/2018,10/13/2018,1.6790,"11,333,574"
10/20/2018,10/24/2018,10/06/2018,1.6656,"11,305,105"
10/20/2018,10/24/2018,09/29/2018,1.6786,"11,715,525"
10/20/2018,10/24/2018,09/22/2018,1.6901,"12,339,142"
10/13/2018,10/17/2018,09/15/2018,1.6857,"12,029,727"
10/13/2018,10/17/2018,09/22/2018,1.6901,"12,339,142"
10/13/2018,10/17/2018,09/29/2018,1.6786,"11,715,525"
10/13/2018,10/17/2018,10/06/2018,1.6656,"11,305,105"
10/13/2018,10/17/2018,10/13/2018,1.6783,"11,259,896"
10/06/2018,10/11/2018,10/06/2018,1.6656,"11,305,105"
10/06/2018,10/11/2018,09/29/2018,1.6786,"11,715,525"
10/06/2018,10/11/2018,09/22/2018,1.6901,"12,339,142"
10/06/2018,10/11/2018,09/15/2018,1.6857,"12,029,727"
10/06/2018,10/11/2018,09/08/2018,1.6758,"10,667,297"
09/29/2018,10/03/2018,09/01/2018,1.6562,"11,707,999"
09/29/2018,10/03/2018,09/08/2018,1.6758,"10,667,297"
09/29/2018,10/03/2018,09/15/2018,1.6857,"12,029,727"
09/29/2018,10/03/2018,09/22/2018,1.6900,"12,327,603"
09/29/2018,10/03/2018,09/29/2018,1.6763,"11,554,009"
09/22/2018,09/26/2018,09/22/2018,1.6891,"12,213,559"
09/22/2018,09/26/2018,09/15/2018,1.6869,"11,879,930"
09/22/2018,09/26/2018,09/08/2018,1.6758,"10,667,297"
09/22/2018,09/26/2018,09/01/2018,1.6562,"11,707,999"
09/22/2018,09/26/2018,08/25/2018,1.6285,"12,007,093"
09/15/2018,09/19/2018,08/18/2018,1.5878,"11,620,456"
09/15/2018,09/19/2018,08/25/2018,1.6285,"12,007,093"
09/15/2018,09/19/2018,09/01/2018,1.6558,"11,673,707"
09/15/2018,09/19/2018,09/08/2018,1.6758,"10,667,297"
09/15/2018,09/19/2018,09/15/2018,1.6869,"11,879,930"
09/08/2018,09/12/2018,09/08/2018,1.6758,"10,662,687"
09/08/2018,09/12/2018,09/01/2018,1.6558,"11,671,418"
09/08/2018,09/12/2018,08/25/2018,1.6285,"12,007,549"
09/08/2018,09/12/2018,08/18/2018,1.5877,"11,611,281"
09/08/2018,09/12/2018,08/11/2018,1.5707,"12,880,424"
09/01/2018,09/06/2018,08/04/2018,1.5731,"12,112,059"
09/01/2018,09/06/2018,08/11/2018,1.5706,"12,878,093"
09/01/2018,09/06/2018,08/18/2018,1.5877,"11,611,281"
09/01/2018,09/06/2018,08/25/2018,1.6280,"11,934,238"
09/01/2018,09/06/2018,09/01/2018,1.6554,"11,639,422"
08/25/2018,08/29/2018,08/25/2018,1.6275,"11,897,621"
08/25/2018,08/29/2018,08/18/2018,1.5871,"11,539,135"
08/25/2018,08/29/2018,08/11/2018,1.5690,"12,832,183"
08/25/2018,08/29/2018,08/04/2018,1.5727,"12,077,325"
08/25/2018,08/29/2018,07/28/2018,1.5765,"11,335,975"
08/18/2018,08/22/2018,07/21/2018,1.5615,"13,267,695"
08/18/2018,08/22/2018,07/28/2018,1.5765,"11,335,975"
08/18/2018,08/22/2018,08/04/2018,1.5725,"12,054,415"
08/18/2018,08/22/2018,08/11/2018,1.5687,"12,800,063"
08/18/2018,08/22/2018,08/18/2018,1.5865,"11,470,348"
08/11/2018,08/15/2018,08/11/2018,1.5682,"12,742,660"
08/11/2018,08/15/2018,08/04/2018,1.5725,"12,054,415"
08/11/2018,08/15/2018,07/28/2018,1.5765,"11,335,975"
08/11/2018,08/15/2018,07/21/2018,1.5615,"13,267,695"
08/11/2018,08/15/2018,07/14/2018,1.5725,"12,131,229"
08/04/2018,08/08/2018,07/07/2018,1.5935,"12,086,885"
08/04/2018,08/08/2018,07/14/2018,1.5725,"12,131,229"
08/04/2018,08/08/2018,07/21/2018,1.5615,"13,267,695"
08/04/2018,08/08/2018,07/28/2018,1.5765,"11,335,975"
08/04/2018,08/08/2018,08/04/2018,1.5725,"12,054,415"
07/28/2018,08/01/2018,07/28/2018,1.5765,"11,335,975"
07/28/2018,08/01/2018,07/21/2018,1.5615,"13,237,471"
07/28/2018,08/01/2018,07/14/2018,1.5725,"12,131,229"
07/28/2018,08/01/2018,07/07/2018,1.5935,"12,086,885"
07/28/2018,08/01/2018,06/30/2018,1.6223,"12,397,225"
07/21/2018,07/25/2018,06/23/2018,1.6382,"11,458,412"
07/21/2018,07/25/2018,06/30/2018,1.6228,"12,399,981"
07/21/2018,07/25/2018,07/07/2018,1.5935,"12,086,885"
07/21/2018,07/25/2018,07/14/2018,1.5725,"12,131,229"
07/21/2018,07/25/2018,07/21/2018,1.5615,"13,237,471"
07/14/2018,07/18/2018,07/14/2018,1.5725,"12,131,229"
07/14/2018,07/18/2018,07/07/2018,1.5935,"12,086,885"
07/14/2018,07/18/2018,06/30/2018,1.6228,"12,399,982"
07/14/2018,07/18/2018,06/23/2018,1.6382,"11,458,414"
07/14/2018,07/18/2018,06/16/2018,1.6456,"11,631,870"
07/07/2018,07/11/2018,06/09/2018,1.6526,"11,894,825"
07/07/2018,07/11/2018,06/16/2018,1.6456,"11,631,870"
07/07/2018,07/11/2018,06/23/2018,1.6382,"11,458,414"
07/07/2018,07/11/2018,06/30/2018,1.6229,"12,356,124"
07/07/2018,07/11/2018,07/07/2018,1.5950,"11,955,688"
06/30/2018,07/05/2018,06/30/2018,1.6230,"12,338,969"
06/30/2018,07/05/2018,06/23/2018,1.6382,"11,458,414"
06/30/2018,07/05/2018,06/16/2018,1.6456,"11,631,870"
06/30/2018,07/05/2018,06/09/2018,1.6526,"11,894,825"
06/30/2018,07/05/2018,06/02/2018,1.6756,"12,104,635"
06/23/2018,06/27/2018,05/26/2018,1.6775,"11,131,036"
06/23/2018,06/27/2018,06/02/2018,1.6661,"12,173,274"
06/23/2018,06/27/2018,06/09/2018,1.6526,"11,894,825"
06/23/2018,06/27/2018,06/16/2018,1.6456,"11,631,954"
06/23/2018,06/27/2018,06/23/2018,1.6383,"11,458,414"
06/16/2018,06/20/2018,06/16/2018,1.6473,"11,437,715"
06/16/2018,06/20/2018,06/09/2018,1.6526,"11,894,825"
06/16/2018,06/20/2018,06/02/2018,1.6661,"12,173,274"
06/16/2018,06/20/2018,05/26/2018,1.6694,"11,185,944"
06/16/2018,06/20/2018,05/19/2018,1.6783,"12,020,501"
06/09/2018,06/13/2018,05/12/2018,1.6611,"11,401,806"
06/09/2018,06/13/2018,05/19/2018,1.6783,"12,020,501"
06/09/2018,06/13/2018,05/26/2018,1.6694,"11,185,944"
06/09/2018,06/13/2018,06/02/2018,1.6661,"12,173,274"
06/09/2018,06/13/2018,06/09/2018,1.6525,"11,895,037"
06/02/2018,06/06/2018,06/02/2018,1.6655,"12,094,686"
06/02/2018,06/06/2018,05/26/2018,1.6694,"11,185,944"
06/02/2018,06/06/2018,05/19/2018,1.6787,"11,887,451"
06/02/2018,06/06/2018,05/12/2018,1.6608,"11,149,161"
06/02/2018,06/06/2018,05/05/2018,1.6400,"11,680,051"
05/26/2018,05/31/2018,04/28/2018,1.6181,"12,104,287"
05/26/2018,05/31/2018,05/05/2018,1.6400,"11,680,051"
05/26/2018,05/31/2018,05/12/2018,1.6614,"11,213,796"
05/26/2018,05/31/2018,05/19/2018,1.6787,"11,887,451"
05/26/2018,05/31/2018,05/26/2018,1.6694,"11,195,141"
05/19/2018,05/23/2018,05/19/2018,1.6785,"11,857,133"
05/19/2018,05/23/2018,05/12/2018,1.6614,"11,213,796"
05/19/2018,05/23/2018,05/05/2018,1.6405,"11,718,994"
05/19/2018,05/23/2018,04/28/2018,1.6181,"12,104,287"
05/19/2018,05/23/2018,04/21/2018,1.6017,"12,182,087"
05/12/2018,05/16/2018,04/14/2018,1.5889,"11,813,990"
05/12/2018,05/16/2018,04/21/2018,1.6017,"12,182,087"
05/12/2018,05/16/2018,04/28/2018,1.6181,"12,106,678"
05/12/2018,05/16/2018,05/05/2018,1.6405,"11,718,994"
05/12/2018,05/16/2018,05/12/2018,1.6616,"11,198,806"
05/05/2018,05/09/2018,05/05/2018,1.6405,"11,718,994"
05/05/2018,05/09/2018,04/28/2018,1.6181,"12,106,678"
05/05/2018,05/09/2018,04/21/2018,1.6017,"12,182,267"
05/05/2018,05/09/2018,04/14/2018,1.5889,"11,813,990"
05/05/2018,05/09/2018,04/07/2018,1.5890,"11,089,641"
04/28/2018,05/02/2018,03/31/2018,1.5953,"11,929,355"
04/28/2018,05/02/2018,04/07/2018,1.5890,"11,089,641"
04/28/2018,05/02/2018,04/14/2018,1.5889,"11,813,990"
04/28/2018,05/02/2018,04/21/2018,1.6017,"12,182,267"
04/28/2018,05/02/2018,04/28/2018,1.6181,"12,104,202"
04/21/2018,04/25/2018,04/21/2018,1.6025,"11,937,040"
04/21/2018,04/25/2018,04/14/2018,1.5889,"11,813,990"
04/21/2018,04/25/2018,04/07/2018,1.5890,"11,089,641"
04/21/2018,04/25/2018,03/31/2018,1.5953,"11,929,355"
04/21/2018,04/25/2018,03/24/2018,1.5876,"11,462,333"
04/14/2018,04/18/2018,03/17/2018,1.5690,"12,233,475"
04/14/2018,04/18/2018,03/24/2018,1.5876,"11,462,333"
04/14/2018,04/18/2018,03/31/2018,1.5953,"11,929,355"
04/14/2018,04/18/2018,04/07/2018,1.5890,"11,089,641"
04/14/2018,04/18/2018,04/14/2018,1.5890,"11,772,821"
04/07/2018,04/11/2018,04/07/2018,1.5900,"10,797,174"
04/07/2018,04/11/2018,03/31/2018,1.5953,"11,929,355"
04/07/2018,04/11/2018,03/24/2018,1.5876,"11,462,333"
04/07/2018,04/11/2018,03/17/2018,1.5690,"12,233,475"
04/07/2018,04/11/2018,03/10/2018,1.5565,"11,733,881"
03/31/2018,04/04/2018,03/03/2018,1.5513,"11,975,517"
03/31/2018,04/04/2018,03/10/2018,1.5565,"11,733,881"
03/31/2018,04/04/2018,03/17/2018,1.5690,"12,233,475"
03/31/2018,04/04/2018,03/24/2018,1.5876,"11,462,333"
03/31/2018,04/04/2018,03/31/2018,1.5953,"11,929,355"
03/24/2018,03/28/2018,03/24/2018,1.5876,"11,462,333"
03/24/2018,03/28/2018,03/17/2018,1.5690,"12,233,475"
03/24/2018,03/28/2018,03/10/2018,1.5565,"11,733,881"
03/24/2018,03/28/2018,03/03/2018,1.5513,"11,975,517"
03/24/2018,03/28/2018,02/24/2018,1.5308,"12,606,249"
03/17/2018,03/21/2018,02/17/2018,1.5266,"12,258,160"
03/17/2018,03/21/2018,02/24/2018,1.5308,"12,606,249"
03/17/2018,03/21/2018,03/03/2018,1.5513,"11,975,733"
03/17/2018,03/21/2018,03/10/2018,1.5566,"11,733,881"
03/17/2018,03/21/2018,03/17/2018,1.5687,"12,164,748"
03/10/2018,03/14/2018,03/10/2018,1.5566,"11,733,881"
03/10/2018,03/14/2018,03/03/2018,1.5513,"11,975,733"
03/10/2018,03/14/2018,02/24/2018,1.5308,"12,606,249"
03/10/2018,03/14/2018,02/17/2018,1.5266,"12,258,160"
03/10/2018,03/14/2018,02/10/2018,1.5357,"12,959,794"
03/03/2018,03/07/2018,02/03/2018,1.5283,"11,613,994"
03/03/2018,03/07/2018,02/10/2018,1.5357,"12,959,794"
03/03/2018,03/07/2018,02/17/2018,1.5266,"12,258,160"
03/03/2018,03/07/2018,02/24/2018,1.5308,"12,606,249"
03/03/2018,03/07/2018,03/03/2018,1.5513,"11,968,798"
02/24/2018,02/28/2018,02/24/2018,1.5308,"12,605,390"
02/24/2018,02/28/2018,02/17/2018,1.5266,"12,258,160"
02/24/2018,02/28/2018,02/10/2018,1.5357,"12,959,794"
02/24/2018,02/28/2018,02/03/2018,1.5283,"11,613,994"
02/24/2018,02/28/2018,01/27/2018,1.5300,"13,772,538"
02/17/2018,02/22/2018,01/20/2018,1.5278,"12,464,247"
02/17/2018,02/22/2018,01/27/2018,1.5300,"13,772,538"
02/17/2018,02/22/2018,02/03/2018,1.5283,"11,613,994"
02/17/2018,02/22/2018,02/10/2018,1.5357,"12,959,794"
02/17/2018,02/22/2018,02/17/2018,1.5273,"12,416,645"
02/10/2018,02/14/2018,02/10/2018,1.5357,"12,959,069"
02/10/2018,02/14/2018,02/03/2018,1.5283,"11,617,801"
02/10/2018,02/14/2018,01/27/2018,1.5301,"13,758,303"
02/10/2018,02/14/2018,01/20/2018,1.5278,"12,464,247"
02/10/2018,02/14/2018,01/13/2018,1.5221,"12,161,364"
02/03/2018,02/07/2018,01/06/2018,1.5162,"10,738,140"
02/03/2018,02/07/2018,01/13/2018,1.5221,"12,161,364"
02/03/2018,02/07/2018,01/20/2018,1.5275,"12,511,882"
02/03/2018,02/07/2018,01/27/2018,1.5492,"13,360,069"
02/03/2018,02/07/2018,02/03/2018,1.5286,"11,572,092"
01/27/2018,01/31/2018,01/27/2018,1.5491,"13,355,537"
01/27/2018,01/31/2018,01/20/2018,1.5275,"12,511,882"
01/27/2018,01/31/2018,01/13/2018,1.5221,"12,161,364"
01/27/2018,01/31/2018,01/06/2018,1.5162,"10,738,140"
01/27/2018,01/31/2018,12/30/2017,1.5208,"9,690,812"
01/20/2018,01/24/2018,12/23/2017,1.5538,"11,815,810"
01/20/2018,01/24/2018,12/30/2017,1.5208,"9,690,812"
01/20/2018,01/24/2018,01/06/2018,1.5162,"10,738,140"
01/20/2018,01/24/2018,01/13/2018,1.5221,"12,156,702"
01/20/2018,01/24/2018,01/20/2018,1.5275,"12,511,882"
01/13/2018,01/18/2018,01/13/2018,1.5221,"12,156,702"
01/13/2018,01/18/2018,01/06/2018,1.5162,"10,738,140"
01/13/2018,01/18/2018,12/30/2017,1.5215,"9,954,235"
01/13/2018,01/18/2018,12/23/2017,1.5538,"11,815,810"
01/13/2018,01/18/2018,12/16/2017,1.5883,"12,608,166"
01/06/2018,01/10/2018,12/09/2017,1.6536,"13,989,328"
01/06/2018,01/10/2018,12/16/2017,1.5894,"12,400,601"
01/06/2018,01/10/2018,12/23/2017,1.5543,"11,625,168"
01/06/2018,01/10/2018,12/30/2017,1.5208,"9,688,489"
01/06/2018,01/10/2018,01/06/2018,1.5156,"10,560,008"
12/30/2017,01/04/2018,12/30/2017,1.5208,"9,688,489"
12/30/2017,01/04/2018,12/23/2017,1.5543,"11,625,168"
12/30/2017,01/04/2018,12/16/2017,1.5894,"12,400,601"
12/30/2017,01/04/2018,12/09/2017,1.6547,"13,831,757"
12/30/2017,01/04/2018,12/02/2017,1.6847,"14,156,073"
12/23/2017,12/28/2017,11/25/2017,1.7339,"9,959,356"
12/23/2017,12/28/2017,12/02/2017,1.6853,"13,967,177"
12/23/2017,12/28/2017,12/09/2017,1.6547,"13,831,757"
12/23/2017,12/28/2017,12/16/2017,1.5894,"12,400,601"
12/23/2017,12/28/2017,12/23/2017,1.5543,"11,625,168"
12/16/2017,12/20/2017,12/16/2017,1.5898,"12,362,049"
12/16/2017,12/20/2017,12/09/2017,1.6547,"13,831,757"
12/16/2017,12/20/2017,12/02/2017,1.6853,"13,967,177"
12/16/2017,12/20/2017,11/25/2017,1.7350,"9,773,159"
12/16/2017,12/20/2017,11/18/2017,1.7374,"11,199,748"
12/09/2017,12/13/2017,11/11/2017,1.7534,"11,849,119"
12/09/2017,12/13/2017,11/18/2017,1.7375,"11,019,011"
12/09/2017,12/13/2017,11/25/2017,1.7350,"9,773,159"
12/09/2017,12/13/2017,12/02/2017,1.6853,"13,967,177"
12/09/2017,12/13/2017,12/09/2017,1.6547,"13,831,757"
12/02/2017,12/06/2017,12/02/2017,1.6853,"13,967,177"
12/02/2017,12/06/2017,11/25/2017,1.7350,"9,773,159"
12/02/2017,12/06/2017,11/18/2017,1.7375,"11,019,011"
12/02/2017,12/06/2017,11/11/2017,1.7534,"11,684,792"
12/02/2017,12/06/2017,11/04/2017,1.7563,"11,089,991"
11/25/2017,11/29/2017,10/28/2017,1.7577,"11,724,256"
11/25/2017,11/29/2017,11/04/2017,1.7563,"11,089,991"
11/25/2017,11/29/2017,11/11/2017,1.7534,"11,684,792"
11/25/2017,11/29/2017,11/18/2017,1.7375,"11,019,011"
11/25/2017,11/29/2017,11/25/2017,1.7418,"9,698,284"
11/18/2017,11/22/2017,11/18/2017,1.7375,"11,021,386"
11/18/2017,11/22/2017,11/11/2017,1.7534,"11,684,792"
11/18/2017,11/22/2017,11/04/2017,1.7563,"11,089,991"
11/18/2017,11/22/2017,10/28/2017,1.7577,"11,717,403"
11/18/2017,11/22/2017,10/21/2017,1.7487,"10,762,442"
11/11/2017,11/15/2017,10/14/2017,1.6899,"11,045,047"
11/11/2017,11/15/2017,10/21/2017,1.7487,"10,762,442"
11/11/2017,11/15/2017,10/28/2017,1.7577,"11,717,403"
11/11/2017,11/15/2017,11/04/2017,1.7563,"11,089,991"
11/11/2017,11/15/2017,11/11/2017,1.7540,"11,731,195"
11/04/2017,11/08/2017,11/04/2017,1.7563,"11,089,991"
11/04/2017,11/08/2017,10/28/2017,1.7577,"11,717,403"
11/04/2017,11/08/2017,10/21/2017,1.7487,"10,762,442"
11/04/2017,11/08/2017,10/14/2017,1.6899,"11,045,047"
11/04/2017,11/08/2017,10/07/2017,1.6718,"11,323,037"
10/28/2017,11/01/2017,09/30/2017,1.6406,"11,430,767"
10/28/2017,11/01/2017,10/07/2017,1.6718,"11,323,037"
10/28/2017,11/01/2017,10/14/2017,1.6888,"10,857,462"
10/28/2017,11/01/2017,10/21/2017,1.7491,"10,581,411"
10/28/2017,11/01/2017,10/28/2017,1.7577,"11,710,544"
10/21/2017,10/25/2017,10/21/2017,1.7491,"10,581,411"
10/21/2017,10/25/2017,10/14/2017,1.6887,"10,853,618"
10/21/2017,10/25/2017,10/07/2017,1.6718,"11,321,980"
10/21/2017,10/25/2017,09/30/2017,1.6406,"11,430,767"
10/21/2017,10/25/2017,09/23/2017,1.6506,"11,184,232"
10/14/2017,10/18/2017,09/16/2017,1.6738,"9,930,101"
10/14/2017,10/18/2017,09/23/2017,1.6506,"11,184,232"
10/14/2017,10/18/2017,09/30/2017,1.6406,"11,430,767"
10/14/2017,10/18/2017,10/07/2017,1.6718,"11,321,980"
10/14/2017,10/18/2017,10/14/2017,1.6887,"10,853,618"
10/07/2017,10/12/2017,10/07/2017,1.6707,"11,142,888"
10/07/2017,10/12/2017,09/30/2017,1.6406,"11,430,767"
10/07/2017,10/12/2017,09/23/2017,1.6506,"11,184,232"
10/07/2017,10/12/2017,09/16/2017,1.6738,"9,930,101"
10/07/2017,10/12/2017,09/09/2017,1.6756,"11,688,534"
09/30/2017,10/04/2017,09/02/2017,1.7325,"10,974,049"
09/30/2017,10/04/2017,09/09/2017,1.6756,"11,688,534"
09/30/2017,10/04/2017,09/16/2017,1.6738,"9,930,101"
09/30/2017,10/04/2017,09/23/2017,1.6506,"11,184,232"
09/30/2017,10/04/2017,09/30/2017,1.6406,"11,254,213"
09/23/2017,09/27/2017,09/23/2017,1.6510,"10,983,405"
09/23/2017,09/27/2017,09/16/2017,1.6738,"9,930,101"
09/23/2017,09/27/2017,09/09/2017,1.6756,"11,688,534"
09/23/2017,09/27/2017,09/02/2017,1.7325,"10,975,703"
09/23/2017,09/27/2017,08/26/2017,1.7547,"12,520,348"
09/16/2017,09/20/2017,08/19/2017,1.7428,"12,623,109"
09/16/2017,09/20/2017,08/26/2017,1.7547,"12,520,348"
09/16/2017,09/20/2017,09/02/2017,1.7325,"10,975,703"
09/16/2017,09/20/2017,09/09/2017,1.6756,"11,688,534"
09/16/2017,09/20/2017,09/16/2017,1.6736,"9,826,072"
09/09/2017,09/13/2017,09/09/2017,1.6674,"9,809,641"
09/09/2017,09/13/2017,09/02/2017,1.7325,"10,975,702"
09/09/2017,09/13/2017,08/26/2017,1.7547,"12,520,348"
09/09/2017,09/13/2017,08/19/2017,1.7428,"12,623,110"
09/09/2017,09/13/2017,08/12/2017,1.7375,"11,227,992"
09/02/2017,09/07/2017,08/05/2017,1.6822,"11,874,522"
09/02/2017,09/07/2017,08/12/2017,1.7375,"11,227,992"
09/02/2017,09/07/2017,08/19/2017,1.7428,"12,623,110"
09/02/2017,09/07/2017,08/26/2017,1.7547,"12,520,348"
09/02/2017,09/07/2017,09/02/2017,1.7342,"10,933,568"
08/26/2017,08/30/2017,08/26/2017,1.7551,"12,341,407"
08/26/2017,08/30/2017,08/19/2017,1.7428,"12,623,110"
08/26/2017,08/30/2017,08/12/2017,1.7375,"11,227,992"
08/26/2017,08/30/2017,08/05/2017,1.6822,"11,874,522"
08/26/2017,08/30/2017,07/29/2017,1.6226,"11,933,852"
08/19/2017,08/23/2017,07/22/2017,1.5907,"11,217,751"
08/19/2017,08/23/2017,07/29/2017,1.6226,"11,933,852"
08/19/2017,08/23/2017,08/05/2017,1.6822,"11,874,522"
08/19/2017,08/23/2017,08/12/2017,1.7376,"11,228,718"
08/19/2017,08/23/2017,08/19/2017,1.7429,"12,414,048"
08/12/2017,08/16/2017,08/12/2017,1.7375,"10,981,870"
08/12/2017,08/16/2017,08/05/2017,1.6822,"11,874,522"
08/12/2017,08/16/2017,07/29/2017,1.6226,"11,933,852"
08/12/2017,08/16/2017,07/22/2017,1.5907,"11,217,751"
08/12/2017,08/16/2017,07/15/2017,1.5866,"14,121,953"
08/05/2017,08/09/2017,07/08/2017,1.6113,"12,066,404"
08/05/2017,08/09/2017,07/15/2017,1.5866,"14,121,953"
08/05/2017,08/09/2017,07/22/2017,1.5907,"11,217,751"
08/05/2017,08/09/2017,07/29/2017,1.6226,"11,933,852"
08/05/2017,08/09/2017,08/05/2017,1.6813,"11,698,761"
07/29/2017,08/02/2017,07/29/2017,1.6208,"11,725,036"
07/29/2017,08/02/2017,07/22/2017,1.5907,"11,217,751"
07/29/2017,08/02/2017,07/15/2017,1.5866,"14,121,953"
07/29/2017,08/02/2017,07/08/2017,1.6113,"12,066,404"
07/29/2017,08/02/2017,07/01/2017,1.6484,"11,491,967"
07/22/2017,07/26/2017,06/24/2017,1.6927,"12,070,937"
07/22/2017,07/26/2017,07/01/2017,1.6450,"11,688,046"
07/22/2017,07/26/2017,07/08/2017,1.6110,"12,026,304"
07/22/2017,07/26/2017,07/15/2017,1.5895,"13,165,755"
07/22/2017,07/26/2017,07/22/2017,1.5881,"10,930,590"
07/15/2017,07/19/2017,07/15/2017,1.5893,"12,988,131"
07/15/2017,07/19/2017,07/08/2017,1.6110,"12,026,304"
07/15/2017,07/19/2017,07/01/2017,1.6450,"11,688,046"
07/15/2017,07/19/2017,06/24/2017,1.6927,"12,070,936"
07/15/2017,07/19/2017,06/17/2017,1.7053,"13,725,309"
07/08/2017,07/12/2017,06/10/2017,1.7152,"11,721,705"
07/08/2017,07/12/2017,06/17/2017,1.7057,"13,504,666"
07/08/2017,07/12/2017,06/24/2017,1.6933,"12,070,936"
07/08/2017,07/12/2017,07/01/2017,1.6419,"11,605,132"
07/08/2017,07/12/2017,07/08/2017,1.6134,"11,723,891"
07/01/2017,07/06/2017,07/01/2017,1.6433,"11,445,166"
07/01/2017,07/06/2017,06/24/2017,1.6934,"12,029,611"
07/01/2017,07/06/2017,06/17/2017,1.7057,"13,504,666"
07/01/2017,07/06/2017,06/10/2017,1.7152,"11,721,705"
07/01/2017,07/06/2017,06/03/2017,1.6758,"11,551,984"
06/24/2017,06/28/2017,05/27/2017,1.6127,"12,313,911"
06/24/2017,06/28/2017,06/03/2017,1.6758,"11,551,984"
06/24/2017,06/28/2017,06/10/2017,1.7152,"11,721,705"
06/24/2017,06/28/2017,06/17/2017,1.7057,"13,504,666"
06/24/2017,06/28/2017,06/24/2017,1.6959,"11,777,760"
06/17/2017,06/21/2017,06/17/2017,1.7057,"13,504,666"
06/17/2017,06/21/2017,06/10/2017,1.7152,"11,717,788"
06/17/2017,06/21/2017,06/03/2017,1.6758,"11,551,984"
06/17/2017,06/21/2017,05/27/2017,1.6127,"12,313,911"
06/17/2017,06/21/2017,05/20/2017,1.5752,"12,441,244"
06/10/2017,06/14/2017,05/13/2017,1.5378,"11,649,494"
06/10/2017,06/14/2017,05/20/2017,1.5752,"12,441,244"
06/10/2017,06/14/2017,05/27/2017,1.6127,"12,313,912"
06/10/2017,06/14/2017,06/03/2017,1.6752,"11,347,984"
06/10/2017,06/14/2017,06/10/2017,1.7156,"11,741,062"
06/03/2017,06/07/2017,06/03/2017,1.6752,"11,347,984"
06/03/2017,06/07/2017,05/27/2017,1.6127,"12,313,912"
06/03/2017,06/07/2017,05/20/2017,1.5752,"12,441,244"
06/03/2017,06/07/2017,05/13/2017,1.5378,"11,649,494"
06/03/2017,06/07/2017,05/06/2017,1.5253,"12,749,420"
05/27/2017,06/01/2017,04/29/2017,1.5145,"12,639,327"
05/27/2017,06/01/2017,05/06/2017,1.5253,"12,749,420"
05/27/2017,06/01/2017,05/13/2017,1.5378,"11,649,494"
05/27/2017,06/01/2017,05/20/2017,1.5752,"12,441,244"
05/27/2017,06/01/2017,05/27/2017,1.6122,"12,269,611"
05/20/2017,05/24/2017,05/20/2017,1.5743,"12,308,331"
05/20/2017,05/24/2017,05/13/2017,1.5379,"11,682,002"
05/20/2017,05/24/2017,05/06/2017,1.5253,"12,749,420"
05/20/2017,05/24/2017,04/29/2017,1.5145,"12,639,327"
05/20/2017,05/24/2017,04/22/2017,1.5028,"14,005,273"
05/13/2017,05/17/2017,04/15/2017,1.4981,"14,511,509"
05/13/2017,05/17/2017,04/22/2017,1.5030,"13,842,532"
05/13/2017,05/17/2017,04/29/2017,1.5145,"12,639,327"
05/13/2017,05/17/2017,05/06/2017,1.5253,"12,788,489"
05/13/2017,05/17/2017,05/13/2017,1.5370,"11,543,600"
05/06/2017,05/10/2017,05/06/2017,1.5253,"12,683,262"
05/06/2017,05/10/2017,04/29/2017,1.5145,"12,639,327"
05/06/2017,05/10/2017,04/22/2017,1.5030,"13,842,532"
05/06/2017,05/10/2017,04/15/2017,1.4981,"14,511,509"
05/06/2017,05/10/2017,04/08/2017,1.4662,"12,850,570"
04/29/2017,05/03/2017,04/01/2017,1.4511,"13,596,032"
04/29/2017,05/03/2017,04/08/2017,1.4662,"12,850,570"
04/29/2017,05/03/2017,04/15/2017,1.4981,"14,511,509"
04/29/2017,05/03/2017,04/22/2017,1.5030,"13,842,532"
04/29/2017,05/03/2017,04/29/2017,1.5142,"12,452,471"
04/22/2017,04/26/2017,04/22/2017,1.5033,"13,653,534"
04/22/2017,04/26/2017,04/15/2017,1.4981,"14,483,464"
04/22/2017,04/26/2017,04/08/2017,1.4662,"12,850,570"
04/22/2017,04/26/2017,04/01/2017,1.4511,"13,596,032"
04/22/2017,04/26/2017,03/25/2017,1.4838,"13,144,907"
04/15/2017,04/19/2017,03/18/2017,1.5441,"12,850,774"
04/15/2017,04/19/2017,03/25/2017,1.4838,"13,144,907"
04/15/2017,04/19/2017,04/01/2017,1.4509,"13,424,094"
04/15/2017,04/19/2017,04/08/2017,1.4655,"12,627,278"
04/15/2017,04/19/2017,04/15/2017,1.4985,"14,364,443"
04/08/2017,04/12/2017,04/08/2017,1.4654,"12,599,233"
04/08/2017,04/12/2017,04/01/2017,1.4509,"13,424,094"
04/08/2017,04/12/2017,03/25/2017,1.4838,"13,144,907"
04/08/2017,04/12/2017,03/18/2017,1.5441,"12,850,775"
04/08/2017,04/12/2017,03/11/2017,1.5949,"13,031,307"
04/01/2017,04/05/2017,03/04/2017,1.6372,"13,071,484"
04/01/2017,04/05/2017,03/11/2017,1.5949,"13,031,307"
04/01/2017,04/05/2017,03/18/2017,1.5441,"12,850,775"
04/01/2017,04/05/2017,03/25/2017,1.4838,"13,144,907"
04/01/2017,04/05/2017,04/01/2017,1.4499,"13,193,855"
03/25/2017,03/29/2017,03/25/2017,1.4849,"12,756,472"
03/25/2017,03/29/2017,03/18/2017,1.5441,"12,850,775"
03/25/2017,03/29/2017,03/11/2017,1.5949,"13,031,307"
03/25/2017,03/29/2017,03/04/2017,1.6372,"13,071,484"
03/25/2017,03/29/2017,02/25/2017,1.6727,"11,424,979"
03/18/2017,03/22/2017,02/18/2017,1.7135,"13,509,147"
03/18/2017,03/22/2017,02/25/2017,1.6727,"11,424,979"
03/18/2017,03/22/2017,03/04/2017,1.6372,"13,071,484"
03/18/2017,03/22/2017,03/11/2017,1.5949,"13,031,307"
03/18/2017,03/22/2017,03/18/2017,1.5441,"12,850,775"
03/11/2017,03/15/2017,03/11/2017,1.5944,"12,991,427"
03/11/2017,03/15/2017,03/04/2017,1.6369,"13,229,368"
03/11/2017,03/15/2017,02/25/2017,1.6729,"11,463,523"
03/11/2017,03/15/2017,02/18/2017,1.7134,"13,520,767"
03/11/2017,03/15/2017,02/11/2017,1.7299,"12,512,509"
03/04/2017,03/08/2017,02/04/2017,1.7201,"13,741,385"
03/04/2017,03/08/2017,02/11/2017,1.7304,"12,618,594"
03/04/2017,03/08/2017,02/18/2017,1.7134,"13,520,767"
03/04/2017,03/08/2017,02/25/2017,1.6729,"11,463,523"
03/04/2017,03/08/2017,03/04/2017,1.6367,"13,189,534"
02/25/2017,03/01/2017,02/25/2017,1.6729,"11,463,523"
02/25/2017,03/01/2017,02/18/2017,1.7134,"13,520,767"
02/25/2017,03/01/2017,02/11/2017,1.7304,"12,618,594"
02/25/2017,03/01/2017,02/04/2017,1.7201,"13,741,385"
02/25/2017,03/01/2017,01/28/2017,1.7201,"13,221,772"
02/18/2017,02/23/2017,01/21/2017,1.7092,"13,646,584"
02/18/2017,02/23/2017,01/28/2017,1.7198,"13,227,632"
02/18/2017,02/23/2017,02/04/2017,1.7201,"13,741,385"
02/18/2017,02/23/2017,02/11/2017,1.7304,"12,618,594"
02/18/2017,02/23/2017,02/18/2017,1.7134,"13,520,767"
02/11/2017,02/15/2017,02/11/2017,1.7304,"12,577,194"
02/11/2017,02/15/2017,02/04/2017,1.7201,"13,741,385"
02/11/2017,02/15/2017,01/28/2017,1.7198,"13,227,632"
02/11/2017,02/15/2017,01/21/2017,1.7092,"13,646,584"
02/11/2017,02/15/2017,01/14/2017,1.7045,"15,997,170"
02/04/2017,02/08/2017,01/07/2017,1.7431,"14,397,358"
02/04/2017,02/08/2017,01/14/2017,1.7044,"15,997,170"
02/04/2017,02/08/2017,01/21/2017,1.7092,"13,646,584"
02/04/2017,02/08/2017,01/28/2017,1.7198,"13,227,632"
02/04/2017,02/08/2017,02/04/2017,1.7193,"13,581,960"
01/28/2017,02/01/2017,01/28/2017,1.7199,"13,260,397"
01/28/2017,02/01/2017,01/21/2017,1.7093,"13,571,697"
01/28/2017,02/01/2017,01/14/2017,1.7045,"15,997,170"
01/28/2017,02/01/2017,01/07/2017,1.7430,"14,397,358"
01/28/2017,02/01/2017,12/31/2016,1.7690,"12,821,215"
01/21/2017,01/25/2017,12/24/2016,1.7884,"15,628,402"
01/21/2017,01/25/2017,12/31/2016,1.7690,"12,825,900"
01/21/2017,01/25/2017,01/07/2017,1.7429,"14,397,358"
01/21/2017,01/25/2017,01/14/2017,1.7044,"15,757,754"
01/21/2017,01/25/2017,01/21/2017,1.7098,"13,374,784"
01/14/2017,01/19/2017,01/14/2017,1.7044,"15,757,754"
01/14/2017,01/19/2017,01/07/2017,1.7429,"14,397,358"
01/14/2017,01/19/2017,12/31/2016,1.7690,"12,825,900"
01/14/2017,01/19/2017,12/24/2016,1.7884,"15,628,402"
01/14/2017,01/19/2017,12/17/2016,1.8334,"13,613,470"
01/07/2017,01/11/2017,12/10/2016,1.8857,"14,322,682"
01/07/2017,01/11/2017,12/17/2016,1.8334,"13,613,470"
01/07/2017,01/11/2017,12/24/2016,1.7884,"15,628,402"
01/07/2017,01/11/2017,12/31/2016,1.7690,"12,825,900"
01/07/2017,01/11/2017,01/07/2017,1.7420,"14,226,639"
12/31/2016,01/05/2017,12/31/2016,1.7696,"12,589,933"
12/31/2016,01/05/2017,12/24/2016,1.7884,"15,628,402"
12/31/2016,01/05/2017,12/17/2016,1.8334,"13,613,470"
12/31/2016,01/05/2017,12/10/2016,1.8857,"14,322,682"
12/31/2016,01/05/2017,12/03/2016,1.9153,"13,364,797"
12/24/2016,12/29/2016,11/26/2016,1.8954,"12,286,467"
12/24/2016,12/29/2016,12/03/2016,1.9153,"13,364,797"
12/24/2016,12/29/2016,12/10/2016,1.8857,"14,322,682"
12/24/2016,12/29/2016,12/17/2016,1.8334,"13,613,470"
12/24/2016,12/29/2016,12/24/2016,1.7883,"15,351,124"
12/17/2016,12/21/2016,12/17/2016,1.8329,"13,573,837"
12/17/2016,12/21/2016,12/10/2016,1.8857,"14,322,682"
12/17/2016,12/21/2016,12/03/2016,1.9153,"13,364,797"
12/17/2016,12/21/2016,11/26/2016,1.8954,"12,286,467"
12/17/2016,12/21/2016,11/19/2016,1.8202,"14,447,436"
12/10/2016,12/14/2016,11/12/2016,1.7347,"13,057,677"
12/10/2016,12/14/2016,11/19/2016,1.8202,"14,447,435"
12/10/2016,12/14/2016,11/26/2016,1.8954,"12,286,540"
12/10/2016,12/14/2016,12/03/2016,1.9153,"13,374,797"
12/10/2016,12/14/2016,12/10/2016,1.8847,"14,208,265"
12/03/2016,12/07/2016,12/03/2016,1.9145,"13,335,291"
12/03/2016,12/07/2016,11/26/2016,1.8955,"12,286,540"
12/03/2016,12/07/2016,11/19/2016,1.8202,"14,447,435"
12/03/2016,12/07/2016,11/12/2016,1.7347,"13,057,677"
12/03/2016,12/07/2016,11/05/2016,1.6396,"11,222,448"
11/26/2016,11/30/2016,10/29/2016,1.6028,"12,043,441"
11/26/2016,11/30/2016,11/05/2016,1.6396,"11,222,448"
11/26/2016,11/30/2016,11/12/2016,1.7347,"13,057,677"
11/26/2016,11/30/2016,11/19/2016,1.8206,"14,489,004"
11/26/2016,11/30/2016,11/26/2016,1.8963,"12,204,324"
11/19/2016,11/23/2016,11/19/2016,1.8207,"14,482,535"
11/19/2016,11/23/2016,11/12/2016,1.7347,"13,057,677"
11/19/2016,11/23/2016,11/05/2016,1.6396,"11,222,448"
11/19/2016,11/23/2016,10/29/2016,1.6028,"12,043,441"
11/19/2016,11/23/2016,10/22/2016,1.5643,"12,986,089"
11/12/2016,11/16/2016,10/15/2016,1.5755,"13,839,804"
11/12/2016,11/16/2016,10/22/2016,1.5648,"12,906,426"
11/12/2016,11/16/2016,10/29/2016,1.6028,"12,043,441"
11/12/2016,11/16/2016,11/05/2016,1.6396,"11,222,448"
11/12/2016,11/16/2016,11/12/2016,1.7347,"13,057,677"
11/05/2016,11/09/2016,11/05/2016,1.6398,"11,126,555"
11/05/2016,11/09/2016,10/29/2016,1.6029,"12,043,441"
11/05/2016,11/09/2016,10/22/2016,1.5648,"12,906,426"
11/05/2016,11/09/2016,10/15/2016,1.5755,"13,839,804"
11/05/2016,11/09/2016,10/08/2016,1.6187,"12,688,720"
10/29/2016,11/02/2016,10/01/2016,1.6680,"13,851,743"
10/29/2016,11/02/2016,10/08/2016,1.6189,"12,688,720"
10/29/2016,11/02/2016,10/15/2016,1.5755,"13,839,804"
10/29/2016,11/02/2016,10/22/2016,1.5633,"12,930,553"
10/29/2016,11/02/2016,10/29/2016,1.6021,"11,332,706"
10/22/2016,10/26/2016,10/22/2016,1.5644,"12,866,698"
10/22/2016,10/26/2016,10/15/2016,1.5757,"13,798,375"
10/22/2016,10/26/2016,10/08/2016,1.6189,"12,688,720"
10/22/2016,10/26/2016,10/01/2016,1.6682,"13,854,809"
10/22/2016,10/26/2016,09/24/2016,1.7203,"11,750,058"
10/15/2016,10/19/2016,09/17/2016,1.7599,"13,048,332"
10/15/2016,10/19/2016,09/24/2016,1.7203,"11,750,058"
10/15/2016,10/19/2016,10/01/2016,1.6683,"13,854,809"
10/15/2016,10/19/2016,10/08/2016,1.6192,"12,647,664"
10/15/2016,10/19/2016,10/15/2016,1.5757,"13,798,375"
10/08/2016,10/13/2016,10/08/2016,1.6190,"12,597,688"
10/08/2016,10/13/2016,10/01/2016,1.6683,"13,854,809"
10/08/2016,10/13/2016,09/24/2016,1.7203,"11,750,058"
10/08/2016,10/13/2016,09/17/2016,1.7599,"13,048,332"
10/08/2016,10/13/2016,09/10/2016,1.7969,"12,681,388"
10/01/2016,10/05/2016,09/03/2016,1.8251,"14,532,685"
10/01/2016,10/05/2016,09/10/2016,1.7968,"12,683,737"
10/01/2016,10/05/2016,09/17/2016,1.7599,"13,055,365"
10/01/2016,10/05/2016,09/24/2016,1.7239,"11,292,923"
10/01/2016,10/05/2016,10/01/2016,1.6732,"13,241,498"
09/24/2016,09/28/2016,09/24/2016,1.7239,"11,292,923"
09/24/2016,09/28/2016,09/17/2016,1.7599,"13,055,365"
09/24/2016,09/28/2016,09/10/2016,1.7968,"12,683,737"
09/24/2016,09/28/2016,09/03/2016,1.8251,"14,532,685"
09/24/2016,09/28/2016,08/27/2016,1.8078,"14,533,164"
09/17/2016,09/21/2016,08/20/2016,1.7756,"13,609,035"
09/17/2016,09/21/2016,08/27/2016,1.8078,"14,533,164"
09/17/2016,09/21/2016,09/03/2016,1.8251,"14,532,685"
09/17/2016,09/21/2016,09/10/2016,1.7968,"12,683,737"
09/17/2016,09/21/2016,09/17/2016,1.7599,"13,055,365"
09/10/2016,09/14/2016,09/10/2016,1.7958,"12,643,660"
09/10/2016,09/14/2016,09/03/2016,1.8251,"14,532,599"
09/10/2016,09/14/2016,08/27/2016,1.8078,"14,533,164"
09/10/2016,09/14/2016,08/20/2016,1.7756,"13,608,846"
09/10/2016,09/14/2016,08/13/2016,1.7327,"13,242,676"
09/03/2016,09/08/2016,08/06/2016,1.6973,"12,440,234"
09/03/2016,09/08/2016,08/13/2016,1.7327,"13,242,676"
09/03/2016,09/08/2016,08/20/2016,1.7756,"13,608,846"
09/03/2016,09/08/2016,08/27/2016,1.8078,"14,533,164"
09/03/2016,09/08/2016,09/03/2016,1.8251,"14,532,599"
08/27/2016,08/31/2016,08/27/2016,1.8080,"14,491,898"
08/27/2016,08/31/2016,08/20/2016,1.7755,"13,569,058"
08/27/2016,08/31/2016,08/13/2016,1.7327,"13,242,676"
08/27/2016,08/31/2016,08/06/2016,1.6973,"12,440,234"
08/27/2016,08/31/2016,07/30/2016,1.6577,"12,204,968"
08/20/2016,08/24/2016,07/23/2016,1.6211,"12,351,462"
08/20/2016,08/24/2016,07/30/2016,1.6577,"12,204,968"
08/20/2016,08/24/2016,08/06/2016,1.6973,"12,440,234"
08/20/2016,08/24/2016,08/13/2016,1.7327,"13,242,676"
08/20/2016,08/24/2016,08/20/2016,1.7741,"13,366,049"
08/13/2016,08/17/2016,08/13/2016,1.7327,"13,242,676"
08/13/2016,08/17/2016,08/06/2016,1.6973,"12,440,234"
08/13/2016,08/17/2016,07/30/2016,1.6576,"12,247,121"
08/13/2016,08/17/2016,07/23/2016,1.6211,"12,351,462"
08/13/2016,08/17/2016,07/16/2016,1.5865,"12,986,285"
08/06/2016,08/10/2016,07/09/2016,1.5583,"12,722,735"
08/06/2016,08/10/2016,07/16/2016,1.5865,"12,986,285"
08/06/2016,08/10/2016,07/23/2016,1.6211,"12,351,462"
08/06/2016,08/10/2016,07/30/2016,1.6576,"12,247,121"
08/06/2016,08/10/2016,08/06/2016,1.6973,"12,440,234"
07/30/2016,08/03/2016,07/30/2016,1.6576,"12,247,121"
07/30/2016,08/03/2016,07/23/2016,1.6211,"12,351,462"
07/30/2016,08/03/2016,07/16/2016,1.5865,"12,986,285"
07/30/2016,08/03/2016,07/09/2016,1.5583,"12,725,322"
07/30/2016,08/03/2016,07/02/2016,1.5125,"12,182,136"
07/23/2016,07/27/2016,06/25/2016,1.4753,"13,731,716"
07/23/2016,07/27/2016,07/02/2016,1.5125,"12,182,136"
07/23/2016,07/27/2016,07/09/2016,1.5583,"12,722,735"
07/23/2016,07/27/2016,07/16/2016,1.5865,"12,986,285"
07/23/2016,07/27/2016,07/23/2016,1.6211,"12,351,462"
07/16/2016,07/20/2016,07/16/2016,1.5869,"14,311,066"
07/16/2016,07/20/2016,07/09/2016,1.5571,"14,029,194"
07/16/2016,07/20/2016,07/02/2016,1.5133,"13,317,412"
07/16/2016,07/20/2016,06/25/2016,1.4740,"15,252,573"
07/16/2016,07/20/2016,06/18/2016,1.4196,"13,949,954"
07/09/2016,07/13/2016,06/11/2016,1.3737,"14,786,714"
07/09/2016,07/13/2016,06/18/2016,1.4196,"13,949,954"
07/09/2016,07/13/2016,06/25/2016,1.4740,"15,252,573"
07/09/2016,07/13/2016,07/02/2016,1.5133,"13,317,412"
07/09/2016,07/13/2016,07/09/2016,1.5567,"13,970,760"
07/02/2016,07/07/2016,07/02/2016,1.5134,"13,200,009"
07/02/2016,07/07/2016,06/25/2016,1.4740,"15,252,573"
07/02/2016,07/07/2016,06/18/2016,1.4196,"13,949,954"
07/02/2016,07/07/2016,06/11/2016,1.3737,"14,786,714"
07/02/2016,07/07/2016,06/04/2016,1.3350,"14,292,357"
06/25/2016,06/29/2016,05/28/2016,1.3356,"15,719,802"
06/25/2016,06/29/2016,06/04/2016,1.3350,"14,292,357"
06/25/2016,06/29/2016,06/11/2016,1.3737,"14,786,714"
06/25/2016,06/29/2016,06/18/2016,1.4197,"13,949,954"
06/25/2016,06/29/2016,06/25/2016,1.4740,"15,252,573"
06/18/2016,06/22/2016,06/18/2016,1.4208,"13,663,082"
06/18/2016,06/22/2016,06/11/2016,1.3737,"14,786,714"
06/18/2016,06/22/2016,06/04/2016,1.3350,"14,292,357"
06/18/2016,06/22/2016,05/28/2016,1.3356,"15,719,802"
06/18/2016,06/22/2016,05/21/2016,1.3735,"12,378,907"
06/11/2016,06/15/2016,05/14/2016,1.4185,"14,380,423"
06/11/2016,06/15/2016,05/21/2016,1.3735,"12,378,907"
06/11/2016,06/15/2016,05/28/2016,1.3355,"15,720,673"
06/11/2016,06/15/2016,06/04/2016,1.3350,"14,292,357"
06/11/2016,06/15/2016,06/11/2016,1.3738,"14,666,657"
06/04/2016,06/08/2016,06/04/2016,1.3359,"14,050,301"
06/04/2016,06/08/2016,05/28/2016,1.3356,"15,720,673"
06/04/2016,06/08/2016,05/21/2016,1.3735,"12,378,907"
06/04/2016,06/08/2016,05/14/2016,1.4185,"14,380,423"
06/04/2016,06/08/2016,05/07/2016,1.4434,"12,966,585"
05/28/2016,06/02/2016,04/30/2016,1.4609,"13,645,530"
05/28/2016,06/02/2016,05/07/2016,1.4434,"12,966,585"
05/28/2016,06/02/2016,05/14/2016,1.4185,"14,380,423"
05/28/2016,06/02/2016,05/21/2016,1.3735,"12,378,907"
05/28/2016,06/02/2016,05/28/2016,1.3353,"15,685,771"
05/21/2016,05/25/2016,05/21/2016,1.3735,"12,372,260"
05/21/2016,05/25/2016,05/14/2016,1.4185,"14,380,423"
05/21/2016,05/25/2016,05/07/2016,1.4434,"12,966,585"
05/21/2016,05/25/2016,04/30/2016,1.4609,"13,645,530"
05/21/2016,05/25/2016,04/23/2016,1.4714,"12,848,236"
05/14/2016,05/18/2016,04/16/2016,1.4948,"13,735,645"
05/14/2016,05/18/2016,04/23/2016,1.4714,"12,848,280"
05/14/2016,05/18/2016,04/30/2016,1.4608,"13,835,340"
05/14/2016,05/18/2016,05/07/2016,1.4434,"12,966,585"
05/14/2016,05/18/2016,05/14/2016,1.4179,"14,340,189"
05/07/2016,05/11/2016,05/07/2016,1.4437,"12,966,585"
05/07/2016,05/11/2016,04/30/2016,1.4607,"13,835,340"
05/07/2016,05/11/2016,04/23/2016,1.4712,"12,848,365"
05/07/2016,05/11/2016,04/16/2016,1.4947,"13,735,645"
05/07/2016,05/11/2016,04/09/2016,1.5122,"12,779,579"
04/30/2016,05/04/2016,04/02/2016,1.5236,"12,108,639"
04/30/2016,05/04/2016,04/09/2016,1.5122,"12,779,579"
04/30/2016,05/04/2016,04/16/2016,1.4948,"13,605,923"
04/30/2016,05/04/2016,04/23/2016,1.4712,"12,848,365"
04/30/2016,05/04/2016,04/30/2016,1.4607,"13,607,260"
04/23/2016,04/27/2016,04/23/2016,1.4714,"12,803,644"
04/23/2016,04/27/2016,04/16/2016,1.4948,"13,605,923"
04/23/2016,04/27/2016,04/09/2016,1.5122,"12,779,579"
04/23/2016,04/27/2016,04/02/2016,1.5236,"12,108,639"
04/23/2016,04/27/2016,03/26/2016,1.5153,"12,534,169"
04/16/2016,04/20/2016,03/19/2016,1.5030,"13,446,301"
04/16/2016,04/20/2016,03/26/2016,1.5153,"12,534,169"
04/16/2016,04/20/2016,04/02/2016,1.5236,"12,108,639"
04/16/2016,04/20/2016,04/09/2016,1.5122,"12,779,579"
04/16/2016,04/20/2016,04/16/2016,1.4951,"13,523,825"
04/09/2016,04/13/2016,04/09/2016,1.5122,"12,779,579"
04/09/2016,04/13/2016,04/02/2016,1.5236,"12,108,639"
04/09/2016,04/13/2016,03/26/2016,1.5153,"12,534,169"
04/09/2016,04/13/2016,03/19/2016,1.5030,"13,446,648"
04/09/2016,04/13/2016,03/12/2016,1.5028,"12,150,449"
04/02/2016,04/06/2016,03/05/2016,1.5047,"11,850,311"
04/02/2016,04/06/2016,03/12/2016,1.5028,"12,150,449"
04/02/2016,04/06/2016,03/19/2016,1.5029,"13,446,648"
04/02/2016,04/06/2016,03/26/2016,1.5153,"12,534,169"
04/02/2016,04/06/2016,04/02/2016,1.5237,"11,968,483"
03/26/2016,03/30/2016,03/26/2016,1.5153,"12,534,169"
03/26/2016,03/30/2016,03/19/2016,1.5028,"13,420,586"
03/26/2016,03/30/2016,03/12/2016,1.5025,"12,150,449"
03/26/2016,03/30/2016,03/05/2016,1.5044,"11,850,311"
03/26/2016,03/30/2016,02/27/2016,1.5041,"13,039,016"
03/19/2016,03/23/2016,02/20/2016,1.4933,"13,014,283"
03/19/2016,03/23/2016,02/27/2016,1.5040,"13,020,176"
03/19/2016,03/23/2016,03/05/2016,1.5044,"11,849,492"
03/19/2016,03/23/2016,03/12/2016,1.5025,"12,150,449"
03/19/2016,03/23/2016,03/19/2016,1.5024,"13,564,884"
03/12/2016,03/16/2016,03/12/2016,1.5025,"12,150,449"
03/12/2016,03/16/2016,03/05/2016,1.5044,"11,849,492"
03/12/2016,03/16/2016,02/27/2016,1.5040,"13,020,176"
03/12/2016,03/16/2016,02/20/2016,1.4933,"13,014,283"
03/12/2016,03/16/2016,02/13/2016,1.4958,"12,916,651"
03/05/2016,03/09/2016,02/06/2016,1.5011,"12,422,286"
03/05/2016,03/09/2016,02/13/2016,1.4958,"12,916,651"
03/05/2016,03/09/2016,02/20/2016,1.4933,"13,014,284"
03/05/2016,03/09/2016,02/27/2016,1.5040,"13,020,176"
03/05/2016,03/09/2016,03/05/2016,1.5049,"11,658,815"
02/27/2016,03/02/2016,02/27/2016,1.5040,"13,019,445"
02/27/2016,03/02/2016,02/20/2016,1.4933,"13,014,284"
02/27/2016,03/02/2016,02/13/2016,1.4958,"12,916,651"
02/27/2016,03/02/2016,02/06/2016,1.5011,"12,422,286"
02/27/2016,03/02/2016,01/30/2016,1.4977,"12,852,327"
02/20/2016,02/24/2016,01/23/2016,1.4966,"13,623,977"
02/20/2016,02/24/2016,01/30/2016,1.4977,"12,852,327"
02/20/2016,02/24/2016,02/06/2016,1.5011,"12,422,286"
02/20/2016,02/24/2016,02/13/2016,1.4958,"12,916,651"
02/20/2016,02/24/2016,02/20/2016,1.4934,"13,000,384"
02/13/2016,02/18/2016,02/13/2016,1.4958,"12,942,190"
02/13/2016,02/18/2016,02/06/2016,1.5012,"12,481,031"
02/13/2016,02/18/2016,01/30/2016,1.4977,"12,852,327"
02/13/2016,02/18/2016,01/23/2016,1.4966,"13,623,977"
02/13/2016,02/18/2016,01/16/2016,1.4714,"13,324,380"
02/06/2016,02/10/2016,01/09/2016,1.4637,"13,551,297"
02/06/2016,02/10/2016,01/16/2016,1.4769,"12,550,693"
02/06/2016,02/10/2016,01/23/2016,1.4997,"13,355,057"
02/06/2016,02/10/2016,01/30/2016,1.5009,"12,165,734"
02/06/2016,02/10/2016,02/06/2016,1.5048,"11,695,965"
01/30/2016,02/03/2016,01/30/2016,1.5010,"12,173,490"
01/30/2016,02/03/2016,01/23/2016,1.4997,"13,355,057"
01/30/2016,02/03/2016,01/16/2016,1.4769,"12,510,813"
01/30/2016,02/03/2016,01/09/2016,1.4637,"13,551,297"
01/30/2016,02/03/2016,01/02/2016,1.4709,"12,097,704"
01/23/2016,01/27/2016,12/26/2015,1.5077,"10,132,043"
01/23/2016,01/27/2016,01/02/2016,1.4709,"12,097,704"
01/23/2016,01/27/2016,01/09/2016,1.4637,"13,551,297"
01/23/2016,01/27/2016,01/16/2016,1.4769,"12,510,813"
01/23/2016,01/27/2016,01/23/2016,1.4997,"13,321,963"
01/16/2016,01/21/2016,01/16/2016,1.4769,"12,510,813"
01/16/2016,01/21/2016,01/09/2016,1.4635,"13,511,049"
01/16/2016,01/21/2016,01/02/2016,1.4709,"12,097,704"
01/16/2016,01/21/2016,12/26/2015,1.5076,"10,139,837"
01/16/2016,01/21/2016,12/19/2015,1.5570,"12,941,073"
01/09/2016,01/13/2016,12/12/2015,1.5935,"13,901,417"
01/09/2016,01/13/2016,12/19/2015,1.5570,"12,941,073"
01/09/2016,01/13/2016,12/26/2015,1.5076,"10,139,837"
01/09/2016,01/13/2016,01/02/2016,1.4709,"12,097,704"
01/09/2016,01/13/2016,01/09/2016,1.4635,"13,511,049"
01/02/2016,01/06/2016,01/02/2016,1.4704,"11,554,015"
01/02/2016,01/06/2016,12/26/2015,1.5076,"10,139,836"
01/02/2016,01/06/2016,12/19/2015,1.5569,"12,898,735"
01/02/2016,01/06/2016,12/12/2015,1.5932,"13,859,894"
01/02/2016,01/06/2016,12/05/2015,1.6257,"13,259,823"
12/26/2015,12/30/2015,11/28/2015,1.6538,"9,021,404"
12/26/2015,12/30/2015,12/05/2015,1.6257,"13,259,823"
12/26/2015,12/30/2015,12/12/2015,1.5932,"13,859,894"
12/26/2015,12/30/2015,12/19/2015,1.5572,"12,898,795"
12/26/2015,12/30/2015,12/26/2015,1.5076,"10,139,836"
12/19/2015,12/23/2015,12/19/2015,1.5577,"12,860,229"
12/19/2015,12/23/2015,12/12/2015,1.5932,"13,859,894"
12/19/2015,12/23/2015,12/05/2015,1.6257,"13,259,823"
12/19/2015,12/23/2015,11/28/2015,1.6538,"9,021,404"
12/19/2015,12/23/2015,11/21/2015,1.6639,"12,626,880"
12/12/2015,12/16/2015,11/14/2015,1.6502,"10,812,263"
12/12/2015,12/16/2015,11/21/2015,1.6639,"12,626,880"
12/12/2015,12/16/2015,11/28/2015,1.6538,"9,021,404"
12/12/2015,12/16/2015,12/05/2015,1.6246,"13,920,311"
12/12/2015,12/16/2015,12/12/2015,1.5935,"13,735,400"
12/05/2015,12/09/2015,12/05/2015,1.6258,"13,262,575"
12/05/2015,12/09/2015,11/28/2015,1.6538,"9,021,404"
12/05/2015,12/09/2015,11/21/2015,1.6639,"12,626,880"
12/05/2015,12/09/2015,11/14/2015,1.6502,"10,812,263"
12/05/2015,12/09/2015,11/07/2015,1.6701,"10,523,283"
11/28/2015,12/02/2015,10/31/2015,1.7061,"11,321,097"
11/28/2015,12/02/2015,11/07/2015,1.6701,"10,523,283"
11/28/2015,12/02/2015,11/14/2015,1.6502,"10,812,263"
11/28/2015,12/02/2015,11/21/2015,1.6639,"12,626,880"
11/28/2015,12/02/2015,11/28/2015,1.6537,"8,981,566"
11/21/2015,11/25/2015,11/21/2015,1.6639,"12,625,224"
11/21/2015,11/25/2015,11/14/2015,1.6502,"10,812,263"
11/21/2015,11/25/2015,11/07/2015,1.6701,"10,523,283"
11/21/2015,11/25/2015,10/31/2015,1.7061,"11,321,097"
11/21/2015,11/25/2015,10/24/2015,1.6933,"12,451,887"
11/14/2015,11/18/2015,10/17/2015,1.6778,"11,574,535"
11/14/2015,11/18/2015,10/24/2015,1.6933,"12,451,887"
11/14/2015,11/18/2015,10/31/2015,1.7061,"11,321,097"
11/14/2015,11/18/2015,11/07/2015,1.6701,"10,523,283"
11/14/2015,11/18/2015,11/14/2015,1.6514,"10,318,928"
11/07/2015,11/12/2015,11/07/2015,1.6741,"10,169,998"
11/07/2015,11/12/2015,10/31/2015,1.7063,"11,321,097"
11/07/2015,11/12/2015,10/24/2015,1.6933,"12,451,887"
11/07/2015,11/12/2015,10/17/2015,1.6778,"11,574,535"
11/07/2015,11/12/2015,10/10/2015,1.6734,"11,505,057"
10/31/2015,11/04/2015,10/03/2015,1.6898,"11,183,333"
10/31/2015,11/04/2015,10/10/2015,1.6734,"11,507,372"
10/31/2015,11/04/2015,10/17/2015,1.6778,"11,576,862"
10/31/2015,11/04/2015,10/24/2015,1.6933,"12,451,887"
10/31/2015,11/04/2015,10/31/2015,1.7063,"11,321,097"
10/24/2015,10/28/2015,10/24/2015,1.6970,"11,006,597"
10/24/2015,10/28/2015,10/17/2015,1.6777,"11,402,516"
10/24/2015,10/28/2015,10/10/2015,1.6737,"11,453,977"
10/24/2015,10/28/2015,10/03/2015,1.6898,"11,183,333"
10/24/2015,10/28/2015,09/26/2015,1.7158,"12,642,265"
10/17/2015,10/21/2015,09/19/2015,1.7177,"12,622,321"
10/17/2015,10/21/2015,09/26/2015,1.7158,"12,642,265"
10/17/2015,10/21/2015,10/03/2015,1.6898,"11,183,333"
10/17/2015,10/21/2015,10/10/2015,1.6741,"11,326,865"
10/17/2015,10/21/2015,10/17/2015,1.6880,"9,880,683"
10/10/2015,10/15/2015,10/10/2015,1.6752,"9,280,493"
10/10/2015,10/15/2015,10/03/2015,1.6910,"11,146,230"
10/10/2015,10/15/2015,09/26/2015,1.7158,"12,642,265"
10/10/2015,10/15/2015,09/19/2015,1.7177,"12,622,321"
10/10/2015,10/15/2015,09/12/2015,1.7223,"11,890,918"
10/03/2015,10/07/2015,09/05/2015,1.7298,"11,829,065"
10/03/2015,10/07/2015,09/12/2015,1.7223,"11,890,918"
10/03/2015,10/07/2015,09/19/2015,1.7177,"12,623,611"
10/03/2015,10/07/2015,09/26/2015,1.7158,"12,642,265"
10/03/2015,10/07/2015,10/03/2015,1.6909,"11,164,475"
09/26/2015,09/30/2015,09/26/2015,1.7159,"12,432,450"
09/26/2015,09/30/2015,09/19/2015,1.7177,"12,623,611"
09/26/2015,09/30/2015,09/12/2015,1.7223,"11,890,918"
09/26/2015,09/30/2015,09/05/2015,1.7298,"11,829,065"
09/26/2015,09/30/2015,08/29/2015,1.7445,"13,050,840"
09/19/2015,09/23/2015,08/22/2015,1.7364,"13,553,314"
09/19/2015,09/23/2015,08/29/2015,1.7450,"13,111,061"
09/19/2015,09/23/2015,09/05/2015,1.7304,"11,904,972"
09/19/2015,09/23/2015,09/12/2015,1.7226,"11,930,279"
09/19/2015,09/23/2015,09/19/2015,1.7174,"12,556,200"
09/12/2015,09/16/2015,09/12/2015,1.7229,"11,930,279"
09/12/2015,09/16/2015,09/05/2015,1.7305,"11,904,972"
09/12/2015,09/16/2015,08/29/2015,1.7450,"13,111,061"
09/12/2015,09/16/2015,08/22/2015,1.7364,"13,553,314"
09/12/2015,09/16/2015,08/15/2015,1.7093,"12,895,554"
09/05/2015,09/10/2015,08/08/2015,1.6883,"12,464,214"
09/05/2015,09/10/2015,08/15/2015,1.7093,"12,895,554"
09/05/2015,09/10/2015,08/22/2015,1.7364,"13,553,314"
09/05/2015,09/10/2015,08/29/2015,1.7450,"13,111,061"
09/05/2015,09/10/2015,09/05/2015,1.7309,"11,353,213"
08/29/2015,09/02/2015,08/29/2015,1.7449,"13,152,959"
08/29/2015,09/02/2015,08/22/2015,1.7363,"13,595,213"
08/29/2015,09/02/2015,08/15/2015,1.7093,"12,895,554"
08/29/2015,09/02/2015,08/08/2015,1.6883,"12,464,214"
08/29/2015,09/02/2015,08/01/2015,1.6792,"12,636,329"
08/22/2015,08/26/2015,07/25/2015,1.6726,"14,471,524"
08/22/2015,08/26/2015,08/01/2015,1.6792,"12,636,329"
08/22/2015,08/26/2015,08/08/2015,1.6883,"12,464,214"
08/22/2015,08/26/2015,08/15/2015,1.7093,"12,895,554"
08/22/2015,08/26/2015,08/22/2015,1.7365,"13,510,220"
08/15/2015,08/19/2015,08/15/2015,1.7139,"12,181,840"
08/15/2015,08/19/2015,08/08/2015,1.6883,"12,464,214"
08/15/2015,08/19/2015,08/01/2015,1.6792,"12,636,329"
08/15/2015,08/19/2015,07/25/2015,1.6726,"14,471,524"
08/15/2015,08/19/2015,07/18/2015,1.6760,"12,564,353"
08/08/2015,08/12/2015,07/11/2015,1.6982,"13,027,830"
08/08/2015,08/12/2015,07/18/2015,1.6760,"12,564,353"
08/08/2015,08/12/2015,07/25/2015,1.6726,"14,471,524"
08/08/2015,08/12/2015,08/01/2015,1.6792,"12,636,329"
08/08/2015,08/12/2015,08/08/2015,1.6887,"12,297,370"
08/01/2015,08/05/2015,08/01/2015,1.6792,"12,636,351"
08/01/2015,08/05/2015,07/25/2015,1.6726,"14,471,524"
08/01/2015,08/05/2015,07/18/2015,1.6760,"12,564,353"
08/01/2015,08/05/2015,07/11/2015,1.6982,"13,027,830"
08/01/2015,08/05/2015,07/04/2015,1.7458,"13,598,059"
07/25/2015,07/29/2015,06/27/2015,1.7528,"13,104,094"
07/25/2015,07/29/2015,07/04/2015,1.7459,"13,598,069"
07/25/2015,07/29/2015,07/11/2015,1.6982,"13,027,830"
07/25/2015,07/29/2015,07/18/2015,1.6760,"12,572,143"
07/25/2015,07/29/2015,07/25/2015,1.6727,"14,428,948"
07/18/2015,07/22/2015,07/18/2015,1.6761,"12,529,817"
07/18/2015,07/22/2015,07/11/2015,1.6982,"13,027,830"
07/18/2015,07/22/2015,07/04/2015,1.7459,"13,598,069"
07/18/2015,07/22/2015,06/27/2015,1.7529,"13,113,533"
07/18/2015,07/22/2015,06/20/2015,1.7362,"13,107,399"
07/11/2015,07/15/2015,06/13/2015,1.6959,"14,762,169"
07/11/2015,07/15/2015,06/20/2015,1.7362,"13,107,399"
07/11/2015,07/15/2015,06/27/2015,1.7528,"13,108,278"
07/11/2015,07/15/2015,07/04/2015,1.7459,"13,598,069"
07/11/2015,07/15/2015,07/11/2015,1.6984,"12,729,625"
07/04/2015,07/08/2015,07/04/2015,1.7466,"13,412,173"
07/04/2015,07/08/2015,06/27/2015,1.7528,"13,108,278"
07/04/2015,07/08/2015,06/20/2015,1.7362,"13,107,399"
07/04/2015,07/08/2015,06/13/2015,1.6959,"14,762,169"
07/04/2015,07/08/2015,06/06/2015,1.6599,"13,590,665"
06/27/2015,07/01/2015,05/30/2015,1.6421,"14,114,316"
06/27/2015,07/01/2015,06/06/2015,1.6599,"13,590,665"
06/27/2015,07/01/2015,06/13/2015,1.6959,"14,762,169"
06/27/2015,07/01/2015,06/20/2015,1.7362,"13,107,399"
06/27/2015,07/01/2015,06/27/2015,1.7531,"13,022,954"
06/20/2015,06/24/2015,06/20/2015,1.7362,"13,107,399"
06/20/2015,06/24/2015,06/13/2015,1.6959,"14,762,180"
06/20/2015,06/24/2015,06/06/2015,1.6599,"13,590,665"
06/20/2015,06/24/2015,05/30/2015,1.6421,"14,114,316"
06/20/2015,06/24/2015,05/23/2015,1.6340,"13,595,444"
06/13/2015,06/17/2015,05/16/2015,1.6269,"13,662,398"
06/13/2015,06/17/2015,05/23/2015,1.6341,"13,595,444"
06/13/2015,06/17/2015,05/30/2015,1.6421,"14,114,316"
06/13/2015,06/17/2015,06/06/2015,1.6599,"13,590,665"
06/13/2015,06/17/2015,06/13/2015,1.6962,"14,443,488"
06/06/2015,06/10/2015,06/06/2015,1.6608,"13,250,659"
06/06/2015,06/10/2015,05/30/2015,1.6421,"14,114,316"
06/06/2015,06/10/2015,05/23/2015,1.6341,"13,621,228"
06/06/2015,06/10/2015,05/16/2015,1.6269,"13,662,398"
06/06/2015,06/10/2015,05/09/2015,1.6135,"13,567,385"
05/30/2015,06/03/2015,05/02/2015,1.6051,"11,630,015"
05/30/2015,06/03/2015,05/09/2015,1.6135,"13,567,385"
05/30/2015,06/03/2015,05/16/2015,1.6269,"13,662,398"
05/30/2015,06/03/2015,05/23/2015,1.6341,"13,621,228"
05/30/2015,06/03/2015,05/30/2015,1.6421,"14,114,344"
05/23/2015,05/28/2015,05/23/2015,1.6354,"12,499,880"
05/23/2015,05/28/2015,05/16/2015,1.6269,"13,662,398"
05/23/2015,05/28/2015,05/09/2015,1.6135,"13,567,385"
05/23/2015,05/28/2015,05/02/2015,1.6051,"11,630,015"
05/23/2015,05/28/2015,04/25/2015,1.5925,"14,248,446"
05/16/2015,05/20/2015,04/18/2015,1.5787,"11,811,671"
05/16/2015,05/20/2015,04/25/2015,1.5925,"14,248,446"
05/16/2015,05/20/2015,05/02/2015,1.6051,"11,630,015"
05/16/2015,05/20/2015,05/09/2015,1.6129,"13,526,307"
05/16/2015,05/20/2015,05/16/2015,1.6271,"13,438,715"
05/09/2015,05/13/2015,05/09/2015,1.6128,"13,398,869"
05/09/2015,05/13/2015,05/02/2015,1.6051,"11,630,015"
05/09/2015,05/13/2015,04/25/2015,1.5925,"14,248,446"
05/09/2015,05/13/2015,04/18/2015,1.5787,"11,811,671"
05/09/2015,05/13/2015,04/11/2015,1.5763,"12,272,933"
05/02/2015,05/06/2015,04/04/2015,1.5758,"12,424,679"
05/02/2015,05/06/2015,04/11/2015,1.5763,"12,272,933"
05/02/2015,05/06/2015,04/18/2015,1.5787,"11,811,671"
05/02/2015,05/06/2015,04/25/2015,1.5925,"14,248,446"
05/02/2015,05/06/2015,05/02/2015,1.6055,"11,380,951"
04/25/2015,04/29/2015,04/25/2015,1.5925,"13,952,351"
04/25/2015,04/29/2015,04/18/2015,1.5788,"11,811,687"
04/25/2015,04/29/2015,04/11/2015,1.5763,"12,272,933"
04/25/2015,04/29/2015,04/04/2015,1.5758,"12,424,679"
04/25/2015,04/29/2015,03/28/2015,1.5806,"11,596,941"
04/18/2015,04/22/2015,03/21/2015,1.5742,"13,789,766"
04/18/2015,04/22/2015,03/28/2015,1.5806,"11,596,941"
04/18/2015,04/22/2015,04/04/2015,1.5758,"12,424,679"
04/18/2015,04/22/2015,04/11/2015,1.5763,"12,272,933"
04/18/2015,04/22/2015,04/18/2015,1.5798,"11,503,083"
04/11/2015,04/15/2015,04/11/2015,1.5767,"12,092,025"
04/11/2015,04/15/2015,04/04/2015,1.5758,"12,424,679"
04/11/2015,04/15/2015,03/28/2015,1.5809,"11,596,941"
04/11/2015,04/15/2015,03/21/2015,1.5746,"13,789,766"
04/11/2015,04/15/2015,03/14/2015,1.5636,"13,885,999"
04/04/2015,04/08/2015,03/07/2015,1.5584,"11,337,722"
04/04/2015,04/08/2015,03/14/2015,1.5636,"13,885,999"
04/04/2015,04/08/2015,03/21/2015,1.5746,"13,789,766"
04/04/2015,04/08/2015,03/28/2015,1.5809,"11,596,941"
04/04/2015,04/08/2015,04/04/2015,1.5756,"12,178,948"
03/28/2015,04/01/2015,03/28/2015,1.5811,"11,472,318"
03/28/2015,04/01/2015,03/21/2015,1.5746,"13,789,766"
03/28/2015,04/01/2015,03/14/2015,1.5636,"13,885,999"
03/28/2015,04/01/2015,03/07/2015,1.5584,"11,337,722"
03/28/2015,04/01/2015,02/28/2015,1.5528,"14,495,567"
03/21/2015,03/25/2015,02/21/2015,1.5323,"13,613,972"
03/21/2015,03/25/2015,02/28/2015,1.5528,"14,495,567"
03/21/2015,03/25/2015,03/07/2015,1.5584,"11,337,722"
03/21/2015,03/25/2015,03/14/2015,1.5636,"13,885,999"
03/21/2015,03/25/2015,03/21/2015,1.5748,"13,620,317"
03/14/2015,03/18/2015,03/14/2015,1.5640,"13,740,374"
03/14/2015,03/18/2015,03/07/2015,1.5584,"11,337,722"
03/14/2015,03/18/2015,02/28/2015,1.5528,"14,495,567"
03/14/2015,03/18/2015,02/21/2015,1.5323,"13,613,972"
03/14/2015,03/18/2015,02/14/2015,1.5237,"12,543,193"
03/07/2015,03/11/2015,02/07/2015,1.5380,"11,343,681"
03/07/2015,03/11/2015,02/14/2015,1.5237,"12,543,193"
03/07/2015,03/11/2015,02/21/2015,1.5323,"13,613,972"
03/07/2015,03/11/2015,02/28/2015,1.5528,"14,495,567"
03/07/2015,03/11/2015,03/07/2015,1.5589,"11,124,982"
02/28/2015,03/04/2015,02/28/2015,1.5529,"14,495,567"
02/28/2015,03/04/2015,02/21/2015,1.5323,"13,613,972"
02/28/2015,03/04/2015,02/14/2015,1.5237,"12,543,193"
02/28/2015,03/04/2015,02/07/2015,1.5380,"11,343,681"
02/28/2015,03/04/2015,01/31/2015,1.5579,"13,261,032"
02/21/2015,02/25/2015,01/24/2015,1.5698,"13,834,623"
02/21/2015,02/25/2015,01/31/2015,1.5579,"13,261,663"
02/21/2015,02/25/2015,02/07/2015,1.5380,"11,343,681"
02/21/2015,02/25/2015,02/14/2015,1.5237,"12,543,193"
02/21/2015,02/25/2015,02/21/2015,1.5325,"13,579,824"
02/14/2015,02/19/2015,02/14/2015,1.5258,"12,083,432"
02/14/2015,02/19/2015,02/07/2015,1.5380,"11,343,681"
02/14/2015,02/19/2015,01/31/2015,1.5579,"13,261,663"
02/14/2015,02/19/2015,01/24/2015,1.5698,"13,834,623"
02/14/2015,02/19/2015,01/17/2015,1.5818,"13,332,025"
02/07/2015,02/11/2015,01/10/2015,1.5980,"16,364,481"
02/07/2015,02/11/2015,01/17/2015,1.5818,"13,332,025"
02/07/2015,02/11/2015,01/24/2015,1.5697,"13,792,891"
02/07/2015,02/11/2015,01/31/2015,1.5579,"13,261,663"
02/07/2015,02/11/2015,02/07/2015,1.5398,"11,316,780"
01/31/2015,02/04/2015,01/31/2015,1.5579,"13,261,663"
01/31/2015,02/04/2015,01/24/2015,1.5695,"13,710,474"
01/31/2015,02/04/2015,01/17/2015,1.5814,"13,291,912"
01/31/2015,02/04/2015,01/10/2015,1.5980,"16,364,481"
01/31/2015,02/04/2015,01/03/2015,1.6119,"12,816,525"
01/24/2015,01/28/2015,12/27/2014,1.6339,"10,239,208"
01/24/2015,01/28/2015,01/03/2015,1.6119,"12,816,525"
01/24/2015,01/28/2015,01/10/2015,1.5979,"16,364,481"
01/24/2015,01/28/2015,01/17/2015,1.5814,"13,286,893"
01/24/2015,01/28/2015,01/24/2015,1.5701,"13,164,684"
01/17/2015,01/22/2015,01/17/2015,1.5819,"12,905,575"
01/17/2015,01/22/2015,01/10/2015,1.5980,"16,304,189"
01/17/2015,01/22/2015,01/03/2015,1.6119,"12,816,525"
01/17/2015,01/22/2015,12/27/2014,1.6339,"10,239,208"
01/17/2015,01/22/2015,12/20/2014,1.6830,"13,450,757"
01/10/2015,01/14/2015,12/13/2014,1.7738,"14,174,611"
01/10/2015,01/14/2015,12/20/2014,1.6830,"13,450,757"
01/10/2015,01/14/2015,12/27/2014,1.6339,"10,239,208"
01/10/2015,01/14/2015,01/03/2015,1.6119,"12,816,525"
01/10/2015,01/14/2015,01/10/2015,1.5984,"15,434,788"
01/03/2015,01/07/2015,01/03/2015,1.6111,"12,288,486"
01/03/2015,01/07/2015,12/27/2014,1.6339,"10,239,208"
01/03/2015,01/07/2015,12/20/2014,1.6830,"13,450,757"
01/03/2015,01/07/2015,12/13/2014,1.7738,"14,135,413"
01/03/2015,01/07/2015,12/06/2014,1.8865,"13,446,331"
12/27/2014,12/31/2014,11/29/2014,2.0229,"10,197,572"
12/27/2014,12/31/2014,12/06/2014,1.8865,"13,446,331"
12/27/2014,12/31/2014,12/13/2014,1.7738,"14,135,413"
12/27/2014,12/31/2014,12/20/2014,1.6830,"13,453,803"
12/27/2014,12/31/2014,12/27/2014,1.6373,"9,279,778"
12/20/2014,12/24/2014,12/20/2014,1.6842,"12,075,538"
12/20/2014,12/24/2014,12/13/2014,1.7738,"14,135,413"
12/20/2014,12/24/2014,12/06/2014,1.8865,"13,446,331"
12/20/2014,12/24/2014,11/29/2014,2.0229,"10,197,572"
12/20/2014,12/24/2014,11/22/2014,2.1335,"12,908,217"
12/13/2014,12/17/2014,11/15/2014,2.2121,"11,480,637"
12/13/2014,12/17/2014,11/22/2014,2.1335,"12,908,217"
12/13/2014,12/17/2014,11/29/2014,2.0229,"10,197,572"
12/13/2014,12/17/2014,12/06/2014,1.8865,"13,446,331"
12/13/2014,12/17/2014,12/13/2014,1.7711,"13,838,989"
12/06/2014,12/10/2014,12/06/2014,1.8858,"13,232,680"
12/06/2014,12/10/2014,11/29/2014,2.0229,"10,197,572"
12/06/2014,12/10/2014,11/22/2014,2.1335,"12,908,217"
12/06/2014,12/10/2014,11/15/2014,2.2121,"11,480,637"
12/06/2014,12/10/2014,11/08/2014,2.2201,"11,924,701"
11/29/2014,12/03/2014,11/01/2014,2.2350,"11,369,321"
11/29/2014,12/03/2014,11/08/2014,2.2201,"11,924,701"
11/29/2014,12/03/2014,11/15/2014,2.2121,"11,480,637"
11/29/2014,12/03/2014,11/22/2014,2.1335,"12,908,217"
11/29/2014,12/03/2014,11/29/2014,2.0229,"10,197,572"
11/22/2014,11/26/2014,11/22/2014,2.1334,"12,898,912"
11/22/2014,11/26/2014,11/15/2014,2.2121,"11,480,637"
11/22/2014,11/26/2014,11/08/2014,2.2201,"11,924,701"
11/22/2014,11/26/2014,11/01/2014,2.2372,"11,369,321"
11/22/2014,11/26/2014,10/25/2014,2.2241,"13,377,892"
11/15/2014,11/19/2014,10/18/2014,2.2631,"13,601,073"
11/15/2014,11/19/2014,10/25/2014,2.2241,"13,377,892"
11/15/2014,11/19/2014,11/01/2014,2.2372,"11,369,321"
11/15/2014,11/19/2014,11/08/2014,2.2201,"11,924,701"
11/15/2014,11/19/2014,11/15/2014,2.2130,"11,291,777"
11/08/2014,11/13/2014,11/08/2014,2.2198,"11,790,072"
11/08/2014,11/13/2014,11/01/2014,2.2372,"11,369,321"
11/08/2014,11/13/2014,10/25/2014,2.2241,"13,377,892"
11/08/2014,11/13/2014,10/18/2014,2.2637,"13,601,073"
11/08/2014,11/13/2014,10/11/2014,2.3429,"11,618,127"
11/01/2014,11/05/2014,10/04/2014,2.3839,"12,988,244"
11/01/2014,11/05/2014,10/11/2014,2.3429,"11,618,127"
11/01/2014,11/05/2014,10/18/2014,2.2637,"13,601,073"
11/01/2014,11/05/2014,10/25/2014,2.2243,"13,335,658"
11/01/2014,11/05/2014,11/01/2014,2.2372,"11,369,321"
10/25/2014,10/29/2014,10/25/2014,2.2243,"13,335,658"
10/25/2014,10/29/2014,10/18/2014,2.2637,"13,601,073"
10/25/2014,10/29/2014,10/11/2014,2.3429,"11,618,127"
10/25/2014,10/29/2014,10/04/2014,2.3839,"12,988,244"
10/25/2014,10/29/2014,09/27/2014,2.3733,"12,258,165"
10/18/2014,10/22/2014,09/20/2014,2.3414,"10,860,334"
10/18/2014,10/22/2014,09/27/2014,2.3733,"12,258,165"
10/18/2014,10/22/2014,10/04/2014,2.3839,"12,988,244"
10/18/2014,10/22/2014,10/11/2014,2.3429,"11,618,127"
10/18/2014,10/22/2014,10/18/2014,2.2638,"13,220,227"
10/11/2014,10/16/2014,10/11/2014,2.3407,"11,182,150"
10/11/2014,10/16/2014,10/04/2014,2.3839,"12,988,244"
10/11/2014,10/16/2014,09/27/2014,2.3733,"12,258,165"
10/11/2014,10/16/2014,09/20/2014,2.3414,"10,860,334"
10/11/2014,10/16/2014,09/13/2014,2.2897,"12,057,887"
10/04/2014,10/08/2014,09/06/2014,2.2244,"10,728,605"
10/04/2014,10/08/2014,09/13/2014,2.2897,"12,057,887"
10/04/2014,10/08/2014,09/20/2014,2.3414,"10,860,334"
10/04/2014,10/08/2014,09/27/2014,2.3746,"12,024,876"
10/04/2014,10/08/2014,10/04/2014,2.3838,"12,924,251"
09/27/2014,10/01/2014,09/27/2014,2.3746,"12,024,876"
09/27/2014,10/01/2014,09/20/2014,2.3414,"10,860,334"
09/27/2014,10/01/2014,09/13/2014,2.2897,"12,057,887"
09/27/2014,10/01/2014,09/06/2014,2.2244,"10,728,605"
09/27/2014,10/01/2014,08/30/2014,2.1618,"10,263,110"
09/20/2014,09/24/2014,08/23/2014,2.0930,"10,253,361"
09/20/2014,09/24/2014,08/30/2014,2.1618,"10,263,110"
09/20/2014,09/24/2014,09/06/2014,2.2244,"10,728,605"
09/20/2014,09/24/2014,09/13/2014,2.2897,"12,057,887"
09/20/2014,09/24/2014,09/20/2014,2.3413,"10,748,063"
09/13/2014,09/17/2014,09/13/2014,2.2910,"11,803,627"
09/13/2014,09/17/2014,09/06/2014,2.2244,"10,728,605"
09/13/2014,09/17/2014,08/30/2014,2.1618,"10,263,110"
09/13/2014,09/17/2014,08/23/2014,2.0930,"10,253,406"
09/13/2014,09/17/2014,08/16/2014,2.0335,"12,509,274"
09/06/2014,09/10/2014,08/09/2014,2.0153,"12,069,930"
09/06/2014,09/10/2014,08/16/2014,2.0335,"12,509,274"
09/06/2014,09/10/2014,08/23/2014,2.0925,"10,295,164"
09/06/2014,09/10/2014,08/30/2014,2.1615,"10,212,114"
09/06/2014,09/10/2014,09/06/2014,2.2242,"10,672,063"
08/30/2014,09/04/2014,08/30/2014,2.1618,"10,252,009"
08/30/2014,09/04/2014,08/23/2014,2.0925,"10,295,209"
08/30/2014,09/04/2014,08/16/2014,2.0335,"12,509,274"
08/30/2014,09/04/2014,08/09/2014,2.0153,"12,069,930"
08/30/2014,09/04/2014,08/02/2014,2.0108,"11,335,282"
08/23/2014,08/27/2014,07/26/2014,2.0082,"11,722,358"
08/23/2014,08/27/2014,08/02/2014,2.0108,"11,335,282"
08/23/2014,08/27/2014,08/09/2014,2.0153,"12,069,930"
08/23/2014,08/27/2014,08/16/2014,2.0404,"11,488,109"
08/23/2014,08/27/2014,08/23/2014,2.0928,"10,231,475"
08/16/2014,08/20/2014,08/16/2014,2.0397,"11,488,109"
08/16/2014,08/20/2014,08/09/2014,2.0153,"12,069,930"
08/16/2014,08/20/2014,08/02/2014,2.0107,"11,289,784"
08/16/2014,08/20/2014,07/26/2014,2.0082,"11,722,358"
08/16/2014,08/20/2014,07/19/2014,2.0095,"12,123,412"
08/09/2014,08/13/2014,07/12/2014,2.0313,"13,492,990"
08/09/2014,08/13/2014,07/19/2014,2.0095,"12,123,412"
08/09/2014,08/13/2014,07/26/2014,2.0082,"11,722,358"
08/09/2014,08/13/2014,08/02/2014,2.0107,"11,289,784"
08/09/2014,08/13/2014,08/09/2014,2.0156,"11,948,707"
08/02/2014,08/06/2014,08/02/2014,2.0109,"10,990,940"
08/02/2014,08/06/2014,07/26/2014,2.0082,"11,722,358"
08/02/2014,08/06/2014,07/19/2014,2.0095,"12,123,412"
08/02/2014,08/06/2014,07/12/2014,2.0313,"13,492,990"
08/02/2014,08/06/2014,07/05/2014,2.0401,"10,338,575"
07/26/2014,07/30/2014,06/28/2014,2.0391,"10,539,035"
07/26/2014,07/30/2014,07/05/2014,2.0401,"10,338,575"
07/26/2014,07/30/2014,07/12/2014,2.0313,"13,492,990"
07/26/2014,07/30/2014,07/19/2014,2.0095,"12,124,289"
07/26/2014,07/30/2014,07/26/2014,2.0083,"11,595,067"
07/19/2014,07/23/2014,07/19/2014,2.0096,"11,957,702"
07/19/2014,07/23/2014,07/12/2014,2.0313,"13,492,990"
07/19/2014,07/23/2014,07/05/2014,2.0402,"10,338,576"
07/19/2014,07/23/2014,06/28/2014,2.0392,"10,539,035"
07/19/2014,07/23/2014,06/21/2014,2.0312,"13,193,820"
07/12/2014,07/16/2014,06/14/2014,2.0153,"14,328,194"
07/12/2014,07/16/2014,06/21/2014,2.0312,"13,193,820"
07/12/2014,07/16/2014,06/28/2014,2.0387,"10,379,607"
07/12/2014,07/16/2014,07/05/2014,2.0402,"10,338,576"
07/12/2014,07/16/2014,07/12/2014,2.0315,"13,322,925"
07/05/2014,07/09/2014,07/05/2014,2.0412,"9,849,296"
07/05/2014,07/09/2014,06/28/2014,2.0387,"10,379,607"
07/05/2014,07/09/2014,06/21/2014,2.0317,"13,235,801"
07/05/2014,07/09/2014,06/14/2014,2.0153,"14,322,929"
07/05/2014,07/09/2014,06/07/2014,2.0234,"12,605,756"
06/28/2014,07/02/2014,05/31/2014,2.0516,"12,918,497"
06/28/2014,07/02/2014,06/07/2014,2.0234,"12,605,756"
06/28/2014,07/02/2014,06/14/2014,2.0153,"14,322,929"
06/28/2014,07/02/2014,06/21/2014,2.0317,"13,235,801"
06/28/2014,07/02/2014,06/28/2014,2.0388,"10,232,947"
06/21/2014,06/25/2014,06/21/2014,2.0320,"13,212,372"
06/21/2014,06/25/2014,06/14/2014,2.0153,"14,322,929"
06/21/2014,06/25/2014,06/07/2014,2.0234,"12,605,756"
06/21/2014,06/25/2014,05/31/2014,2.0516,"12,918,497"
06/21/2014,06/25/2014,05/24/2014,2.1128,"13,015,421"
06/14/2014,06/18/2014,05/17/2014,2.1603,"13,196,519"
06/14/2014,06/18/2014,05/24/2014,2.1128,"13,015,421"
06/14/2014,06/18/2014,05/31/2014,2.0516,"12,918,497"
06/14/2014,06/18/2014,06/07/2014,2.0234,"12,605,756"
06/14/2014,06/18/2014,06/14/2014,2.0172,"13,179,440"
06/07/2014,06/11/2014,06/07/2014,2.0233,"12,605,756"
06/07/2014,06/11/2014,05/31/2014,2.0516,"12,918,497"
06/07/2014,06/11/2014,05/24/2014,2.1128,"13,015,421"
06/07/2014,06/11/2014,05/17/2014,2.1603,"13,196,519"
06/07/2014,06/11/2014,05/10/2014,2.2125,"12,368,048"
05/31/2014,06/04/2014,05/03/2014,2.2460,"11,318,467"
05/31/2014,06/04/2014,05/10/2014,2.2125,"12,368,048"
05/31/2014,06/04/2014,05/17/2014,2.1603,"13,196,519"
05/31/2014,06/04/2014,05/24/2014,2.1128,"13,015,421"
05/31/2014,06/04/2014,05/31/2014,2.0516,"12,960,967"
05/24/2014,05/29/2014,05/24/2014,2.1128,"13,015,421"
05/24/2014,05/29/2014,05/17/2014,2.1603,"13,196,519"
05/24/2014,05/29/2014,05/10/2014,2.2125,"12,368,048"
05/24/2014,05/29/2014,05/03/2014,2.2460,"11,318,467"
05/24/2014,05/29/2014,04/26/2014,2.2918,"12,229,321"
05/17/2014,05/21/2014,04/19/2014,2.3618,"13,255,546"
05/17/2014,05/21/2014,04/26/2014,2.2918,"12,229,321"
05/17/2014,05/21/2014,05/03/2014,2.2460,"11,318,467"
05/17/2014,05/21/2014,05/10/2014,2.2125,"12,368,048"
05/17/2014,05/21/2014,05/17/2014,2.1602,"13,154,318"
05/10/2014,05/14/2014,05/10/2014,2.2125,"12,368,048"
05/10/2014,05/14/2014,05/03/2014,2.2460,"11,318,423"
05/10/2014,05/14/2014,04/26/2014,2.2918,"12,189,230"
05/10/2014,05/14/2014,04/19/2014,2.3618,"13,255,546"
05/10/2014,05/14/2014,04/12/2014,2.4212,"12,813,039"
05/03/2014,05/07/2014,04/05/2014,2.3990,"10,636,462"
05/03/2014,05/07/2014,04/12/2014,2.4212,"12,813,039"
05/03/2014,05/07/2014,04/19/2014,2.3619,"13,262,737"
05/03/2014,05/07/2014,04/26/2014,2.2919,"12,168,231"
05/03/2014,05/07/2014,05/03/2014,2.2463,"11,138,423"
04/26/2014,04/30/2014,04/26/2014,2.2908,"11,907,666"
04/26/2014,04/30/2014,04/19/2014,2.3615,"13,262,738"
04/26/2014,04/30/2014,04/12/2014,2.4156,"12,813,039"
04/26/2014,04/30/2014,04/05/2014,2.3990,"10,636,462"
04/26/2014,04/30/2014,03/29/2014,2.3443,"11,890,324"
04/19/2014,04/23/2014,03/22/2014,2.2644,"11,406,725"
04/19/2014,04/23/2014,03/29/2014,2.3450,"11,843,202"
04/19/2014,04/23/2014,04/05/2014,2.3990,"10,636,462"
04/19/2014,04/23/2014,04/12/2014,2.4156,"12,813,039"
04/19/2014,04/23/2014,04/19/2014,2.3605,"13,060,988"
04/12/2014,04/16/2014,04/12/2014,2.4149,"12,395,453"
04/12/2014,04/16/2014,04/05/2014,2.3990,"10,636,462"
04/12/2014,04/16/2014,03/29/2014,2.3443,"11,890,081"
04/12/2014,04/16/2014,03/22/2014,2.2644,"11,406,725"
04/12/2014,04/16/2014,03/15/2014,2.2043,"10,783,558"
04/05/2014,04/09/2014,03/08/2014,2.1870,"12,575,597"
04/05/2014,04/09/2014,03/15/2014,2.2043,"10,783,558"
04/05/2014,04/09/2014,03/22/2014,2.2645,"11,406,725"
04/05/2014,04/09/2014,03/29/2014,2.3443,"11,890,081"
04/05/2014,04/09/2014,04/05/2014,2.3983,"10,457,391"
03/29/2014,04/02/2014,03/29/2014,2.3450,"11,843,202"
03/29/2014,04/02/2014,03/22/2014,2.2645,"11,406,725"
03/29/2014,04/02/2014,03/15/2014,2.2043,"10,783,558"
03/29/2014,04/02/2014,03/08/2014,2.1872,"12,575,597"
03/29/2014,04/02/2014,03/01/2014,2.2303,"9,627,733"
03/22/2014,03/26/2014,02/22/2014,2.2553,"10,797,249"
03/22/2014,03/26/2014,03/01/2014,2.2303,"9,627,733"
03/22/2014,03/26/2014,03/08/2014,2.1872,"12,580,817"
03/22/2014,03/26/2014,03/15/2014,2.2043,"10,783,558"
03/22/2014,03/26/2014,03/22/2014,2.2650,"11,278,523"
03/15/2014,03/19/2014,03/15/2014,2.2044,"11,084,737"
03/15/2014,03/19/2014,03/08/2014,2.1872,"12,575,597"
03/15/2014,03/19/2014,03/01/2014,2.2303,"9,627,733"
03/15/2014,03/19/2014,02/22/2014,2.2553,"10,797,249"
03/15/2014,03/19/2014,02/15/2014,2.3218,"9,090,078"
03/08/2014,03/12/2014,02/08/2014,2.2779,"9,825,789"
03/08/2014,03/12/2014,02/15/2014,2.3218,"9,090,078"
03/08/2014,03/12/2014,02/22/2014,2.2552,"10,797,249"
03/08/2014,03/12/2014,03/01/2014,2.2303,"9,627,733"
03/08/2014,03/12/2014,03/08/2014,2.1878,"12,535,181"
03/01/2014,03/05/2014,03/01/2014,2.2303,"9,521,750"
03/01/2014,03/05/2014,02/22/2014,2.2553,"10,797,249"
03/01/2014,03/05/2014,02/15/2014,2.3218,"9,090,078"
03/01/2014,03/05/2014,02/08/2014,2.2779,"9,825,789"
03/01/2014,03/05/2014,02/01/2014,2.2270,"9,628,023"
02/22/2014,02/26/2014,01/25/2014,2.1364,"9,712,789"
02/22/2014,02/26/2014,02/01/2014,2.2270,"9,628,023"
02/22/2014,02/26/2014,02/08/2014,2.2779,"9,825,789"
02/22/2014,02/26/2014,02/15/2014,2.3218,"9,090,078"
02/22/2014,02/26/2014,02/22/2014,2.2552,"10,736,698"
02/15/2014,02/20/2014,02/15/2014,2.3216,"9,006,366"
02/15/2014,02/20/2014,02/08/2014,2.2777,"9,825,789"
02/15/2014,02/20/2014,02/01/2014,2.2270,"9,628,055"
02/15/2014,02/20/2014,01/25/2014,2.1364,"9,712,789"
02/15/2014,02/20/2014,01/18/2014,2.0690,"10,181,065"
02/08/2014,02/12/2014,01/11/2014,2.0046,"10,436,567"
02/08/2014,02/12/2014,01/18/2014,2.0690,"10,181,065"
02/08/2014,02/12/2014,01/25/2014,2.1364,"9,712,789"
02/08/2014,02/12/2014,02/01/2014,2.2270,"9,628,055"
02/08/2014,02/12/2014,02/08/2014,2.2781,"9,274,891"
02/01/2014,02/05/2014,02/01/2014,2.2271,"9,594,604"
02/01/2014,02/05/2014,01/25/2014,2.1366,"9,629,166"
02/01/2014,02/05/2014,01/18/2014,2.0690,"10,181,065"
02/01/2014,02/05/2014,01/11/2014,2.0046,"10,436,567"
02/01/2014,02/05/2014,01/04/2014,1.9545,"10,697,432"
01/25/2014,01/29/2014,12/28/2013,1.9122,"7,601,067"
01/25/2014,01/29/2014,01/04/2014,1.9545,"10,697,432"
01/25/2014,01/29/2014,01/11/2014,2.0046,"10,436,567"
01/25/2014,01/29/2014,01/18/2014,2.0690,"10,181,065"
01/25/2014,01/29/2014,01/25/2014,2.1382,"9,068,969"
01/18/2014,01/23/2014,01/18/2014,2.0722,"9,782,801"
01/18/2014,01/23/2014,01/11/2014,2.0046,"10,436,567"
01/18/2014,01/23/2014,01/04/2014,1.9545,"10,697,432"
01/18/2014,01/23/2014,12/28/2013,1.9122,"7,601,067"
01/18/2014,01/23/2014,12/21/2013,1.8889,"10,193,767"
01/11/2014,01/15/2014,12/14/2013,1.8700,"10,314,002"
01/11/2014,01/15/2014,12/21/2013,1.8889,"10,193,767"
01/11/2014,01/15/2014,12/28/2013,1.9122,"7,601,067"
01/11/2014,01/15/2014,01/04/2014,1.9545,"10,697,432"
01/11/2014,01/15/2014,01/11/2014,2.0050,"9,581,162"
01/04/2014,01/08/2014,01/04/2014,1.9579,"8,350,632"
01/04/2014,01/08/2014,12/28/2013,1.9122,"7,601,067"
01/04/2014,01/08/2014,12/21/2013,1.8889,"10,193,854"
01/04/2014,01/08/2014,12/14/2013,1.8700,"10,314,002"
01/04/2014,01/08/2014,12/07/2013,1.8419,"12,017,095"
12/28/2013,01/02/2014,11/30/2013,1.8456,"8,335,703"
12/28/2013,01/02/2014,12/07/2013,1.8419,"12,017,095"
12/28/2013,01/02/2014,12/14/2013,1.8699,"10,314,002"
12/28/2013,01/02/2014,12/21/2013,1.8889,"10,193,854"
12/28/2013,01/02/2014,12/28/2013,1.9133,"7,474,584"
12/21/2013,12/26/2013,12/21/2013,1.8888,"10,108,383"
12/21/2013,12/26/2013,12/14/2013,1.8699,"10,314,002"
12/21/2013,12/26/2013,12/07/2013,1.8419,"12,017,095"
12/21/2013,12/26/2013,11/30/2013,1.8456,"8,335,703"
12/21/2013,12/26/2013,11/23/2013,1.8698,"11,372,539"
12/14/2013,12/18/2013,11/16/2013,1.8766,"12,259,431"
12/14/2013,12/18/2013,11/23/2013,1.8698,"11,372,539"
12/14/2013,12/18/2013,11/30/2013,1.8456,"8,335,703"
12/14/2013,12/18/2013,12/07/2013,1.8419,"12,017,095"
12/14/2013,12/18/2013,12/14/2013,1.8728,"9,517,738"
12/07/2013,12/11/2013,12/07/2013,1.8430,"11,851,657"
12/07/2013,12/11/2013,11/30/2013,1.8456,"8,335,703"
12/07/2013,12/11/2013,11/23/2013,1.8698,"11,372,539"
12/07/2013,12/11/2013,11/16/2013,1.8766,"12,259,431"
12/07/2013,12/11/2013,11/09/2013,1.8566,"10,443,180"
11/30/2013,12/04/2013,11/02/2013,1.8248,"11,474,162"
11/30/2013,12/04/2013,11/09/2013,1.8566,"10,443,180"
11/30/2013,12/04/2013,11/16/2013,1.8766,"12,259,431"
11/30/2013,12/04/2013,11/23/2013,1.8698,"11,372,539"
11/30/2013,12/04/2013,11/30/2013,1.8456,"8,335,703"
11/23/2013,11/27/2013,11/23/2013,1.8698,"11,372,539"
11/23/2013,11/27/2013,11/16/2013,1.8766,"12,259,431"
11/23/2013,11/27/2013,11/09/2013,1.8566,"10,443,180"
11/23/2013,11/27/2013,11/02/2013,1.8248,"11,474,162"
11/23/2013,11/27/2013,10/26/2013,1.7976,"12,408,028"
11/16/2013,11/20/2013,10/19/2013,1.7889,"10,861,148"
11/16/2013,11/20/2013,10/26/2013,1.7976,"12,408,028"
11/16/2013,11/20/2013,11/02/2013,1.8248,"11,474,162"
11/16/2013,11/20/2013,11/09/2013,1.8566,"10,443,180"
11/16/2013,11/20/2013,11/16/2013,1.8768,"12,215,295"
11/09/2013,11/14/2013,11/09/2013,1.8569,"10,256,672"
11/09/2013,11/14/2013,11/02/2013,1.8248,"11,474,162"
11/09/2013,11/14/2013,10/26/2013,1.7976,"12,408,028"
11/09/2013,11/14/2013,10/19/2013,1.7889,"10,861,148"
11/09/2013,11/14/2013,10/12/2013,1.7890,0
11/02/2013,11/06/2013,10/05/2013,1.8036,0
11/02/2013,11/06/2013,10/12/2013,1.7890,0
11/02/2013,11/06/2013,10/19/2013,1.7889,"10,861,148"
11/02/2013,11/06/2013,10/26/2013,1.7976,"12,408,028"
11/02/2013,11/06/2013,11/02/2013,1.8248,"11,392,640"
10/26/2013,10/30/2013,10/26/2013,1.7980,"12,209,984"
10/26/2013,10/30/2013,10/19/2013,1.7889,"10,861,148"
10/26/2013,10/30/2013,10/12/2013,1.7890,0
10/26/2013,10/30/2013,10/05/2013,1.8036,0
10/26/2013,10/30/2013,09/28/2013,1.8061,0
10/19/2013,10/23/2013,09/21/2013,1.7798,"9,560,624"
10/19/2013,10/23/2013,09/28/2013,1.8061,0
10/19/2013,10/23/2013,10/05/2013,1.8036,0
10/19/2013,10/23/2013,10/12/2013,1.7890,0
10/19/2013,10/23/2013,10/19/2013,1.7890,"10,733,703"
10/12/2013,10/23/2013,10/12/2013,1.7890,0
10/12/2013,10/23/2013,10/05/2013,1.8036,0
10/12/2013,10/23/2013,09/28/2013,1.8061,0
10/12/2013,10/23/2013,09/21/2013,1.7798,"9,560,624"
10/12/2013,10/23/2013,09/14/2013,1.7470,"11,135,742"
10/05/2013,10/23/2013,09/07/2013,1.7488,"10,867,476"
10/05/2013,10/23/2013,09/14/2013,1.7470,"11,135,742"
10/05/2013,10/23/2013,09/21/2013,1.7798,"9,560,624"
10/05/2013,10/23/2013,09/28/2013,1.8061,0
10/05/2013,10/23/2013,10/05/2013,1.8036,0
09/28/2013,10/23/2013,09/28/2013,1.8061,0
09/28/2013,10/23/2013,09/21/2013,1.7798,"9,560,624"
09/28/2013,10/23/2013,09/14/2013,1.7470,"11,135,742"
09/28/2013,10/23/2013,09/07/2013,1.7488,"10,867,476"
09/28/2013,10/23/2013,08/31/2013,1.7742,"9,140,332"
09/21/2013,09/25/2013,08/24/2013,1.7765,"10,900,101"
09/21/2013,09/25/2013,08/31/2013,1.7742,"9,140,332"
09/21/2013,09/25/2013,09/07/2013,1.7488,"10,867,476"
09/21/2013,09/25/2013,09/14/2013,1.7470,"11,135,742"
09/21/2013,09/25/2013,09/21/2013,1.7798,"9,560,624"
09/14/2013,09/18/2013,09/14/2013,1.7470,"11,135,742"
09/14/2013,09/18/2013,09/07/2013,1.7489,"10,826,027"
09/14/2013,09/18/2013,08/31/2013,1.7742,"9,140,332"
09/14/2013,09/18/2013,08/24/2013,1.7765,"10,900,101"
09/14/2013,09/18/2013,08/17/2013,1.7652,"10,997,578"
09/07/2013,09/11/2013,08/10/2013,1.7308,"11,710,588"
09/07/2013,09/11/2013,08/17/2013,1.7623,"11,251,696"
09/07/2013,09/11/2013,08/24/2013,1.7765,"10,858,493"
09/07/2013,09/11/2013,08/31/2013,1.7742,"9,139,990"
09/07/2013,09/11/2013,09/07/2013,1.7489,"10,826,027"
08/31/2013,09/05/2013,08/31/2013,1.7742,"9,139,990"
08/31/2013,09/05/2013,08/24/2013,1.7765,"10,858,493"
08/31/2013,09/05/2013,08/17/2013,1.7623,"11,251,696"
08/31/2013,09/05/2013,08/10/2013,1.7308,"11,710,588"
08/31/2013,09/05/2013,08/03/2013,1.7162,"12,798,958"
08/24/2013,08/28/2013,07/27/2013,1.6925,"10,710,758"
08/24/2013,08/28/2013,08/03/2013,1.7162,"12,798,958"
08/24/2013,08/28/2013,08/10/2013,1.7308,"11,710,588"
08/24/2013,08/28/2013,08/17/2013,1.7628,"11,066,521"
08/24/2013,08/28/2013,08/24/2013,1.7769,"10,669,480"
08/17/2013,08/21/2013,08/17/2013,1.7628,"11,066,521"
08/17/2013,08/21/2013,08/10/2013,1.7308,"11,710,588"
08/17/2013,08/21/2013,08/03/2013,1.7160,"12,758,021"
08/17/2013,08/21/2013,07/27/2013,1.6925,"10,710,758"
08/17/2013,08/21/2013,07/20/2013,1.6859,"9,996,862"
08/10/2013,08/14/2013,07/13/2013,1.7065,"11,712,267"
08/10/2013,08/14/2013,07/20/2013,1.6841,"9,878,920"
08/10/2013,08/14/2013,07/27/2013,1.6925,"10,709,381"
08/10/2013,08/14/2013,08/03/2013,1.7160,"12,758,021"
08/10/2013,08/14/2013,08/10/2013,1.7307,"11,705,756"
08/03/2013,08/07/2013,08/03/2013,1.7160,"12,758,021"
08/03/2013,08/07/2013,07/27/2013,1.6925,"10,709,381"
08/03/2013,08/07/2013,07/20/2013,1.6841,"9,878,920"
08/03/2013,08/07/2013,07/13/2013,1.7065,"11,712,267"
08/03/2013,08/07/2013,07/06/2013,1.7219,"11,339,826"
07/27/2013,07/31/2013,06/29/2013,1.7463,"11,658,030"
07/27/2013,07/31/2013,07/06/2013,1.7219,"11,339,826"
07/27/2013,07/31/2013,07/13/2013,1.7065,"11,712,267"
07/27/2013,07/31/2013,07/20/2013,1.6841,"9,878,920"
07/27/2013,07/31/2013,07/27/2013,1.6925,"10,709,381"
07/20/2013,07/24/2013,07/20/2013,1.6836,"9,692,174"
07/20/2013,07/24/2013,07/13/2013,1.7065,"11,668,661"
07/20/2013,07/24/2013,07/06/2013,1.7219,"11,339,826"
07/20/2013,07/24/2013,06/29/2013,1.7463,"11,658,030"
07/20/2013,07/24/2013,06/22/2013,1.7497,"9,881,786"
07/13/2013,07/17/2013,06/15/2013,1.7552,"10,932,931"
07/13/2013,07/17/2013,06/22/2013,1.7502,"9,937,579"
07/13/2013,07/17/2013,06/29/2013,1.7466,"11,746,162"
07/13/2013,07/17/2013,07/06/2013,1.7219,"11,315,029"
07/13/2013,07/17/2013,07/13/2013,1.7065,"11,666,354"
07/06/2013,07/10/2013,07/06/2013,1.7220,"11,088,469"
07/06/2013,07/10/2013,06/29/2013,1.7466,"11,746,162"
07/06/2013,07/10/2013,06/22/2013,1.7502,"9,937,579"
07/06/2013,07/10/2013,06/15/2013,1.7552,"10,932,931"
07/06/2013,07/10/2013,06/08/2013,1.7775,"10,047,094"
06/29/2013,07/03/2013,06/01/2013,1.8111,"11,750,203"
06/29/2013,07/03/2013,06/08/2013,1.7775,"10,047,094"
06/29/2013,07/03/2013,06/15/2013,1.7552,"10,932,931"
06/29/2013,07/03/2013,06/22/2013,1.7502,"9,937,579"
06/29/2013,07/03/2013,06/29/2013,1.7466,"11,746,162"
06/22/2013,06/26/2013,06/22/2013,1.7502,"9,937,579"
06/22/2013,06/26/2013,06/15/2013,1.7552,"10,932,931"
06/22/2013,06/26/2013,06/08/2013,1.7774,"10,047,094"
06/22/2013,06/26/2013,06/01/2013,1.8112,"11,750,203"
06/22/2013,06/26/2013,05/25/2013,1.8429,"12,079,201"
06/15/2013,06/19/2013,05/18/2013,1.8852,"11,275,542"
06/15/2013,06/19/2013,05/25/2013,1.8429,"12,079,201"
06/15/2013,06/19/2013,06/01/2013,1.8112,"11,750,203"
06/15/2013,06/19/2013,06/08/2013,1.7774,"10,047,094"
06/15/2013,06/19/2013,06/15/2013,1.7552,"10,932,931"
06/08/2013,06/12/2013,06/08/2013,1.7775,"10,004,779"
06/08/2013,06/12/2013,06/01/2013,1.8113,"11,650,055"
06/08/2013,06/12/2013,05/25/2013,1.8429,"12,079,201"
06/08/2013,06/12/2013,05/18/2013,1.8852,"11,275,542"
06/08/2013,06/12/2013,05/11/2013,1.8882,"10,967,188"
06/01/2013,06/05/2013,05/04/2013,1.8568,"10,936,253"
06/01/2013,06/05/2013,05/11/2013,1.8882,"10,967,188"
06/01/2013,06/05/2013,05/18/2013,1.8847,"11,245,402"
06/01/2013,06/05/2013,05/25/2013,1.8424,"12,023,035"
06/01/2013,06/05/2013,06/01/2013,1.8090,"11,554,020"
05/25/2013,05/30/2013,05/25/2013,1.8422,"12,017,103"
05/25/2013,05/30/2013,05/18/2013,1.8847,"11,245,402"
05/25/2013,05/30/2013,05/11/2013,1.8882,"10,967,188"
05/25/2013,05/30/2013,05/04/2013,1.8568,"10,936,253"
05/25/2013,05/30/2013,04/27/2013,1.8157,"9,692,586"
05/18/2013,05/22/2013,04/20/2013,1.7614,"11,314,878"
05/18/2013,05/22/2013,04/27/2013,1.8157,"9,692,586"
05/18/2013,05/22/2013,05/04/2013,1.8568,"10,936,253"
05/18/2013,05/22/2013,05/11/2013,1.8882,"10,967,188"
05/18/2013,05/22/2013,05/18/2013,1.8847,"11,245,402"
05/11/2013,05/15/2013,05/11/2013,1.8882,"10,967,188"
05/11/2013,05/15/2013,05/04/2013,1.8568,"10,936,253"
05/11/2013,05/15/2013,04/27/2013,1.8157,"9,692,586"
05/11/2013,05/15/2013,04/20/2013,1.7614,"11,314,878"
05/11/2013,05/15/2013,04/13/2013,1.6932,"10,548,135"
05/04/2013,05/08/2013,04/06/2013,1.6593,"10,410,803"
05/04/2013,05/08/2013,04/13/2013,1.6932,"10,548,135"
05/04/2013,05/08/2013,04/20/2013,1.7614,"11,314,878"
05/04/2013,05/08/2013,04/27/2013,1.8157,"9,692,586"
05/04/2013,05/08/2013,05/04/2013,1.8568,"10,936,253"
04/27/2013,05/01/2013,04/27/2013,1.8154,"9,630,386"
04/27/2013,05/01/2013,04/20/2013,1.7616,"11,267,329"
04/27/2013,05/01/2013,04/13/2013,1.6932,"10,548,135"
04/27/2013,05/01/2013,04/06/2013,1.6593,"10,410,803"
04/27/2013,05/01/2013,03/30/2013,1.6217,"8,713,094"
04/20/2013,04/24/2013,03/23/2013,1.6109,"10,125,726"
04/20/2013,04/24/2013,03/30/2013,1.6217,"8,713,094"
04/20/2013,04/24/2013,04/06/2013,1.6593,"10,410,803"
04/20/2013,04/24/2013,04/13/2013,1.6932,"10,548,135"
04/20/2013,04/24/2013,04/20/2013,1.7616,"11,267,329"
04/13/2013,04/17/2013,04/13/2013,1.6932,"10,544,614"
04/13/2013,04/17/2013,04/06/2013,1.6593,"10,410,803"
04/13/2013,04/17/2013,03/30/2013,1.6217,"8,713,094"
04/13/2013,04/17/2013,03/23/2013,1.6109,"10,125,726"
04/13/2013,04/17/2013,03/16/2013,1.6271,"9,491,529"
04/06/2013,04/10/2013,03/09/2013,1.6447,"10,199,682"
04/06/2013,04/10/2013,03/16/2013,1.6271,"9,491,529"
04/06/2013,04/10/2013,03/23/2013,1.6109,"10,125,726"
04/06/2013,04/10/2013,03/30/2013,1.6217,"8,713,094"
04/06/2013,04/10/2013,04/06/2013,1.6593,"10,410,803"
03/30/2013,04/03/2013,03/30/2013,1.6217,"8,712,577"
03/30/2013,04/03/2013,03/23/2013,1.6109,"10,125,726"
03/30/2013,04/03/2013,03/16/2013,1.6271,"9,491,529"
03/30/2013,04/03/2013,03/09/2013,1.6447,"10,199,682"
03/30/2013,04/03/2013,03/02/2013,1.6610,"10,812,824"
03/23/2013,03/27/2013,02/23/2013,1.6620,"12,189,255"
03/23/2013,03/27/2013,03/02/2013,1.6610,"10,812,824"
03/23/2013,03/27/2013,03/09/2013,1.6447,"10,199,682"
03/23/2013,03/27/2013,03/16/2013,1.6271,"9,491,529"
03/23/2013,03/27/2013,03/23/2013,1.6109,"10,123,959"
03/16/2013,03/20/2013,03/16/2013,1.6271,"9,491,141"
03/16/2013,03/20/2013,03/09/2013,1.6447,"10,199,682"
03/16/2013,03/20/2013,03/02/2013,1.6610,"10,812,824"
03/16/2013,03/20/2013,02/23/2013,1.6620,"12,189,255"
03/16/2013,03/20/2013,02/16/2013,1.6589,"8,986,453"
03/09/2013,03/13/2013,02/09/2013,1.6785,"11,107,336"
03/09/2013,03/13/2013,02/16/2013,1.6589,"8,986,453"
03/09/2013,03/13/2013,02/23/2013,1.6620,"12,189,255"
03/09/2013,03/13/2013,03/02/2013,1.6610,"10,812,824"
03/09/2013,03/13/2013,03/09/2013,1.6446,"10,196,841"
03/02/2013,03/06/2013,03/02/2013,1.6608,"10,796,489"
03/02/2013,03/06/2013,02/23/2013,1.6620,"12,189,255"
03/02/2013,03/06/2013,02/16/2013,1.6582,"8,856,787"
03/02/2013,03/06/2013,02/09/2013,1.6785,"11,107,336"
03/02/2013,03/06/2013,02/02/2013,1.7007,"11,050,934"
02/23/2013,02/27/2013,01/26/2013,1.7353,"12,446,562"
02/23/2013,02/27/2013,02/02/2013,1.7007,"11,050,934"
02/23/2013,02/27/2013,02/09/2013,1.6785,"11,107,336"
02/23/2013,02/27/2013,02/16/2013,1.6582,"8,857,280"
02/23/2013,02/27/2013,02/23/2013,1.6620,"12,189,255"
02/16/2013,02/21/2013,02/16/2013,1.6582,"8,857,280"
02/16/2013,02/21/2013,02/09/2013,1.6784,"11,045,593"
02/16/2013,02/21/2013,02/02/2013,1.7007,"11,039,133"
02/16/2013,02/21/2013,01/26/2013,1.7353,"12,446,562"
02/16/2013,02/21/2013,01/19/2013,1.7443,"13,593,181"
02/09/2013,02/13/2013,01/12/2013,1.7542,"10,851,702"
02/09/2013,02/13/2013,01/19/2013,1.7443,"13,593,181"
02/09/2013,02/13/2013,01/26/2013,1.7353,"12,446,562"
02/09/2013,02/13/2013,02/02/2013,1.7007,"11,039,133"
02/09/2013,02/13/2013,02/09/2013,1.6784,"11,045,593"
02/02/2013,02/06/2013,02/02/2013,1.7007,"11,039,133"
02/02/2013,02/06/2013,01/26/2013,1.7353,"12,446,562"
02/02/2013,02/06/2013,01/19/2013,1.7443,"13,593,181"
02/02/2013,02/06/2013,01/12/2013,1.7542,"10,851,702"
02/02/2013,02/06/2013,01/05/2013,1.7471,"11,792,600"
01/26/2013,01/30/2013,12/29/2012,1.7649,"10,194,748"
01/26/2013,01/30/2013,01/05/2013,1.7471,"11,792,600"
01/26/2013,01/30/2013,01/12/2013,1.7542,"10,851,702"
01/26/2013,01/30/2013,01/19/2013,1.7443,"13,593,181"
01/26/2013,01/30/2013,01/26/2013,1.7353,"12,446,562"
01/19/2013,01/24/2013,01/19/2013,1.7443,"13,593,181"
01/19/2013,01/24/2013,01/12/2013,1.7542,"10,851,702"
01/19/2013,01/24/2013,01/05/2013,1.7472,"11,792,600"
01/19/2013,01/24/2013,12/29/2012,1.7649,"10,194,748"
01/19/2013,01/24/2013,12/22/2012,1.7833,"10,734,756"
01/12/2013,01/16/2013,12/15/2012,1.8141,"10,876,368"
01/12/2013,01/16/2013,12/22/2012,1.7833,"10,734,756"
01/12/2013,01/16/2013,12/29/2012,1.7649,"10,194,748"
01/12/2013,01/16/2013,01/05/2013,1.7472,"11,792,600"
01/12/2013,01/16/2013,01/12/2013,1.7542,"10,851,702"
01/05/2013,01/09/2013,01/05/2013,1.7472,"11,792,600"
01/05/2013,01/09/2013,12/29/2012,1.7649,"10,194,748"
01/05/2013,01/09/2013,12/22/2012,1.7833,"10,734,756"
01/05/2013,01/09/2013,12/15/2012,1.8141,"10,876,368"
01/05/2013,01/09/2013,12/08/2012,1.8641,"12,153,287"
12/29/2012,01/03/2013,12/01/2012,1.9197,"12,890,602"
12/29/2012,01/03/2013,12/08/2012,1.8641,"12,153,287"
12/29/2012,01/03/2013,12/15/2012,1.8141,"10,876,368"
12/29/2012,01/03/2013,12/22/2012,1.7833,"10,734,756"
12/29/2012,01/03/2013,12/29/2012,1.7648,"10,190,185"
12/22/2012,12/27/2012,12/22/2012,1.7833,"10,729,805"
12/22/2012,12/27/2012,12/15/2012,1.8141,"10,876,368"
12/22/2012,12/27/2012,12/08/2012,1.8641,"12,153,287"
12/22/2012,12/27/2012,12/01/2012,1.9197,"12,890,602"
12/22/2012,12/27/2012,11/24/2012,1.9965,"11,072,707"
12/15/2012,12/19/2012,11/17/2012,2.0543,"12,046,202"
12/15/2012,12/19/2012,11/24/2012,1.9965,"11,072,707"
12/15/2012,12/19/2012,12/01/2012,1.9197,"12,890,602"
12/15/2012,12/19/2012,12/08/2012,1.8641,"12,153,287"
12/15/2012,12/19/2012,12/15/2012,1.8141,"10,871,688"
12/08/2012,12/12/2012,12/08/2012,1.8641,"12,153,287"
12/08/2012,12/12/2012,12/01/2012,1.9197,"12,890,602"
12/08/2012,12/12/2012,11/24/2012,1.9965,"11,072,707"
12/08/2012,12/12/2012,11/17/2012,2.0557,"12,119,105"
12/08/2012,12/12/2012,11/10/2012,2.0783,"10,903,254"
12/01/2012,12/05/2012,11/03/2012,2.0648,"12,165,856"
12/01/2012,12/05/2012,11/10/2012,2.0783,"10,903,254"
12/01/2012,12/05/2012,11/17/2012,2.0557,"12,119,105"
12/01/2012,12/05/2012,11/24/2012,1.9965,"11,072,707"
12/01/2012,12/05/2012,12/01/2012,1.9197,"12,890,602"
11/24/2012,11/28/2012,11/24/2012,1.9934,"10,720,021"
11/24/2012,11/28/2012,11/17/2012,2.0557,"12,119,105"
11/24/2012,11/28/2012,11/10/2012,2.0783,"10,903,254"
11/24/2012,11/28/2012,11/03/2012,2.0648,"12,165,856"
11/24/2012,11/28/2012,10/27/2012,2.0715,"11,417,752"
11/17/2012,11/21/2012,10/20/2012,2.0889,"10,887,776"
11/17/2012,11/21/2012,10/27/2012,2.0715,"11,417,752"
11/17/2012,11/21/2012,11/03/2012,2.0648,"12,165,856"
11/17/2012,11/21/2012,11/10/2012,2.0783,"10,903,254"
11/17/2012,11/21/2012,11/17/2012,2.0566,"12,120,109"
11/10/2012,11/15/2012,11/10/2012,2.0783,"10,903,254"
11/10/2012,11/15/2012,11/03/2012,2.0648,"12,165,856"
11/10/2012,11/15/2012,10/27/2012,2.0715,"11,417,752"
11/10/2012,11/15/2012,10/20/2012,2.0889,"10,887,776"
11/10/2012,11/15/2012,10/13/2012,2.0324,"11,635,837"
11/03/2012,11/07/2012,10/06/2012,1.9586,"11,755,783"
11/03/2012,11/07/2012,10/13/2012,2.0324,"11,635,837"
11/03/2012,11/07/2012,10/20/2012,2.0889,"10,887,776"
11/03/2012,11/07/2012,10/27/2012,2.0715,"11,417,752"
11/03/2012,11/07/2012,11/03/2012,2.0648,"12,165,856"
10/27/2012,10/31/2012,10/27/2012,2.0715,"11,417,752"
10/27/2012,10/31/2012,10/20/2012,2.0889,"10,887,776"
10/27/2012,10/31/2012,10/13/2012,2.0324,"11,635,837"
10/27/2012,10/31/2012,10/06/2012,1.9586,"11,755,783"
10/27/2012,10/31/2012,09/29/2012,1.8907,"11,811,904"
10/20/2012,10/24/2012,09/22/2012,1.8484,"12,507,227"
10/20/2012,10/24/2012,09/29/2012,1.8907,"11,811,904"
10/20/2012,10/24/2012,10/06/2012,1.9586,"11,755,783"
10/20/2012,10/24/2012,10/13/2012,2.0324,"11,635,837"
10/20/2012,10/24/2012,10/20/2012,2.0889,"10,887,776"
10/13/2012,10/17/2012,10/13/2012,2.0324,"11,635,837"
10/13/2012,10/17/2012,10/06/2012,1.9586,"11,755,783"
10/13/2012,10/17/2012,09/29/2012,1.8907,"11,811,904"
10/13/2012,10/17/2012,09/22/2012,1.8484,"12,507,227"
10/13/2012,10/17/2012,09/15/2012,1.8515,"11,657,162"
10/06/2012,10/11/2012,09/08/2012,1.8533,"11,319,528"
10/06/2012,10/11/2012,09/15/2012,1.8515,"11,657,162"
10/06/2012,10/11/2012,09/22/2012,1.8484,"12,507,227"
10/06/2012,10/11/2012,09/29/2012,1.8907,"11,811,904"
10/06/2012,10/11/2012,10/06/2012,1.9586,"11,755,783"
09/29/2012,10/03/2012,09/29/2012,1.8907,"11,811,904"
09/29/2012,10/03/2012,09/22/2012,1.8484,"12,507,227"
09/29/2012,10/03/2012,09/15/2012,1.8515,"11,657,162"
09/29/2012,10/03/2012,09/08/2012,1.8533,"11,319,528"
09/29/2012,10/03/2012,09/01/2012,1.8469,"11,405,172"
09/22/2012,09/26/2012,08/25/2012,1.8117,"11,890,833"
09/22/2012,09/26/2012,09/01/2012,1.8469,"11,405,172"
09/22/2012,09/26/2012,09/08/2012,1.8533,"11,319,528"
09/22/2012,09/26/2012,09/15/2012,1.8515,"11,657,162"
09/22/2012,09/26/2012,09/22/2012,1.8484,"12,507,227"
09/15/2012,09/19/2012,09/15/2012,1.8515,"11,657,162"
09/15/2012,09/19/2012,09/08/2012,1.8533,"11,319,528"
09/15/2012,09/19/2012,09/01/2012,1.8469,"11,405,172"
09/15/2012,09/19/2012,08/25/2012,1.8117,"11,890,833"
09/15/2012,09/19/2012,08/18/2012,1.7540,"11,772,770"
09/08/2012,09/12/2012,08/11/2012,1.7171,"11,572,541"
09/08/2012,09/12/2012,08/18/2012,1.7540,"11,772,770"
09/08/2012,09/12/2012,08/25/2012,1.8117,"11,890,833"
09/08/2012,09/12/2012,09/01/2012,1.8469,"11,362,818"
09/08/2012,09/12/2012,09/08/2012,1.8533,"11,319,528"
09/01/2012,09/06/2012,09/01/2012,1.8469,"11,362,818"
09/01/2012,09/06/2012,08/25/2012,1.8117,"11,890,833"
09/01/2012,09/06/2012,08/18/2012,1.7540,"11,772,770"
09/01/2012,09/06/2012,08/11/2012,1.7171,"11,572,541"
09/01/2012,09/06/2012,08/04/2012,1.7107,"12,302,501"
08/25/2012,08/29/2012,07/28/2012,1.6766,"14,427,344"
08/25/2012,08/29/2012,08/04/2012,1.7107,"12,302,501"
08/25/2012,08/29/2012,08/11/2012,1.7171,"11,572,541"
08/25/2012,08/29/2012,08/18/2012,1.7540,"11,772,770"
08/25/2012,08/29/2012,08/25/2012,1.8121,"11,848,573"
08/18/2012,08/22/2012,08/18/2012,1.7552,"11,553,344"
08/18/2012,08/22/2012,08/11/2012,1.7171,"11,572,541"
08/18/2012,08/22/2012,08/04/2012,1.7107,"12,302,501"
08/18/2012,08/22/2012,07/28/2012,1.6766,"14,427,344"
08/18/2012,08/22/2012,07/21/2012,1.6488,"12,044,062"
08/11/2012,08/15/2012,07/14/2012,1.6445,"11,762,195"
08/11/2012,08/15/2012,07/21/2012,1.6488,"12,044,062"
08/11/2012,08/15/2012,07/28/2012,1.6766,"14,427,344"
08/11/2012,08/15/2012,08/04/2012,1.7107,"12,302,501"
08/11/2012,08/15/2012,08/11/2012,1.7170,"11,567,114"
08/04/2012,08/08/2012,08/04/2012,1.7121,"11,507,534"
08/04/2012,08/08/2012,07/28/2012,1.6766,"14,427,344"
08/04/2012,08/08/2012,07/21/2012,1.6488,"12,044,062"
08/04/2012,08/08/2012,07/14/2012,1.6445,"11,762,237"
08/04/2012,08/08/2012,07/07/2012,1.6423,"10,039,091"
07/28/2012,08/01/2012,06/30/2012,1.6346,"10,677,217"
07/28/2012,08/01/2012,07/07/2012,1.6423,"10,039,091"
07/28/2012,08/01/2012,07/14/2012,1.6445,"11,762,237"
07/28/2012,08/01/2012,07/21/2012,1.6488,"12,044,062"
07/28/2012,08/01/2012,07/28/2012,1.6765,"14,423,447"
07/21/2012,07/25/2012,07/21/2012,1.6488,"12,043,935"
07/21/2012,07/25/2012,07/14/2012,1.6445,"11,762,237"
07/21/2012,07/25/2012,07/07/2012,1.6423,"10,039,091"
07/21/2012,07/25/2012,06/30/2012,1.6346,"10,677,216"
07/21/2012,07/25/2012,06/23/2012,1.6228,"11,102,437"
07/14/2012,07/18/2012,06/16/2012,1.5879,"10,773,245"
07/14/2012,07/18/2012,06/23/2012,1.6228,"11,102,437"
07/14/2012,07/18/2012,06/30/2012,1.6346,"10,677,216"
07/14/2012,07/18/2012,07/07/2012,1.6423,"10,039,091"
07/14/2012,07/18/2012,07/14/2012,1.6444,"11,720,072"
07/07/2012,07/11/2012,07/07/2012,1.6423,"10,039,091"
07/07/2012,07/11/2012,06/30/2012,1.6346,"10,677,216"
07/07/2012,07/11/2012,06/23/2012,1.6228,"11,102,437"
07/07/2012,07/11/2012,06/16/2012,1.5879,"10,773,288"
07/07/2012,07/11/2012,06/09/2012,1.5517,"10,089,568"
06/30/2012,07/05/2012,06/02/2012,1.5163,"10,383,891"
06/30/2012,07/05/2012,06/09/2012,1.5517,"10,089,568"
06/30/2012,07/05/2012,06/16/2012,1.5879,"10,773,288"
06/30/2012,07/05/2012,06/23/2012,1.6228,"11,102,437"
06/30/2012,07/05/2012,06/30/2012,1.6346,"10,677,216"
06/23/2012,06/27/2012,06/23/2012,1.6234,"10,936,504"
06/23/2012,06/27/2012,06/16/2012,1.5879,"10,773,288"
06/23/2012,06/27/2012,06/09/2012,1.5517,"10,089,568"
06/23/2012,06/27/2012,06/02/2012,1.5163,"10,383,891"
06/23/2012,06/27/2012,05/26/2012,1.5210,"10,220,592"
06/16/2012,06/20/2012,05/19/2012,1.5271,"9,298,953"
06/16/2012,06/20/2012,05/26/2012,1.5210,"10,220,592"
06/16/2012,06/20/2012,06/02/2012,1.5163,"10,383,891"
06/16/2012,06/20/2012,06/09/2012,1.5518,"10,094,245"
06/16/2012,06/20/2012,06/16/2012,1.5879,"10,773,288"
06/09/2012,06/13/2012,06/09/2012,1.5518,"10,094,245"
06/09/2012,06/13/2012,06/02/2012,1.5163,"10,383,891"
06/09/2012,06/13/2012,05/26/2012,1.5210,"10,220,592"
06/09/2012,06/13/2012,05/19/2012,1.5271,"9,298,953"
06/09/2012,06/13/2012,05/12/2012,1.5269,"12,204,502"
06/02/2012,06/06/2012,05/05/2012,1.5165,"10,531,144"
06/02/2012,06/06/2012,05/12/2012,1.5269,"12,204,502"
06/02/2012,06/06/2012,05/19/2012,1.5271,"9,298,953"
06/02/2012,06/06/2012,05/26/2012,1.5210,"10,220,592"
06/02/2012,06/06/2012,06/02/2012,1.5163,"10,383,891"
05/26/2012,05/31/2012,05/26/2012,1.5210,"10,220,592"
05/26/2012,05/31/2012,05/19/2012,1.5271,"9,298,953"
05/26/2012,05/31/2012,05/12/2012,1.5269,"12,204,502"
05/26/2012,05/31/2012,05/05/2012,1.5165,"10,531,144"
05/26/2012,05/31/2012,04/28/2012,1.5030,"11,686,869"
05/19/2012,05/23/2012,04/21/2012,1.5045,"11,582,788"
05/19/2012,05/23/2012,04/28/2012,1.5030,"11,686,869"
05/19/2012,05/23/2012,05/05/2012,1.5165,"10,531,144"
05/19/2012,05/23/2012,05/12/2012,1.5269,"12,204,502"
05/19/2012,05/23/2012,05/19/2012,1.5271,"9,265,699"
05/12/2012,05/16/2012,05/12/2012,1.5269,"12,204,502"
05/12/2012,05/16/2012,05/05/2012,1.5165,"10,531,144"
05/12/2012,05/16/2012,04/28/2012,1.5030,"11,686,869"
05/12/2012,05/16/2012,04/21/2012,1.5045,"11,582,788"
05/12/2012,05/16/2012,04/14/2012,1.5190,"10,202,237"
05/05/2012,05/09/2012,04/07/2012,1.5431,"11,337,748"
05/05/2012,05/09/2012,04/14/2012,1.5190,"10,202,237"
05/05/2012,05/09/2012,04/21/2012,1.5045,"11,582,788"
05/05/2012,05/09/2012,04/28/2012,1.5030,"11,686,869"
05/05/2012,05/09/2012,05/05/2012,1.5169,"10,309,396"
04/28/2012,05/02/2012,04/28/2012,1.5030,"11,686,869"
04/28/2012,05/02/2012,04/21/2012,1.5045,"11,582,788"
04/28/2012,05/02/2012,04/14/2012,1.5190,"10,202,237"
04/28/2012,05/02/2012,04/07/2012,1.5431,"11,337,748"
04/28/2012,05/02/2012,03/31/2012,1.5387,"9,488,395"
04/21/2012,04/25/2012,03/24/2012,1.5134,"9,554,443"
04/21/2012,04/25/2012,03/31/2012,1.5387,"9,488,395"
04/21/2012,04/25/2012,04/07/2012,1.5431,"11,337,748"
04/21/2012,04/25/2012,04/14/2012,1.5190,"10,202,237"
04/21/2012,04/25/2012,04/21/2012,1.5041,"11,502,570"
04/14/2012,04/18/2012,04/14/2012,1.5190,"10,202,237"
04/14/2012,04/18/2012,04/07/2012,1.5431,"11,337,748"
04/14/2012,04/18/2012,03/31/2012,1.5387,"9,488,395"
04/14/2012,04/18/2012,03/24/2012,1.5134,"9,554,443"
04/14/2012,04/18/2012,03/17/2012,1.4955,"10,257,090"
04/07/2012,04/11/2012,03/10/2012,1.4926,"9,904,507"
04/07/2012,04/11/2012,03/17/2012,1.4955,"10,257,090"
04/07/2012,04/11/2012,03/24/2012,1.5134,"9,554,443"
04/07/2012,04/11/2012,03/31/2012,1.5387,"9,488,395"
04/07/2012,04/11/2012,04/07/2012,1.5431,"11,250,617"
03/31/2012,04/04/2012,03/31/2012,1.5387,"9,488,395"
03/31/2012,04/04/2012,03/24/2012,1.5134,"9,554,443"
03/31/2012,04/04/2012,03/17/2012,1.4955,"10,257,090"
03/31/2012,04/04/2012,03/10/2012,1.4926,"9,904,507"
03/31/2012,04/04/2012,03/03/2012,1.4873,"9,306,594"
